@article{altmannpartial,
  title={Partial Least Squares provides a whole-genome whole-brain imaging genetics approach},
  author={Altmann, Andre and Jahanshad, Neda and Thompson, Paul M and Lorenzi, Marco}
}

@article{Ferreira2021,
      title={A hierarchical Bayesian model to find brain-behaviour associations in incomplete data sets}, 
      author={Fabio S. Ferreira, Agoston Mihalik, Rick A. Adams, John Ashburner, Janaina Mourao-Miranda},
      year={2022},
      journal = {NeuroImage}
}

@article{michel2011total,
  title={Total variation regularization for fMRI-based prediction of behavior},
  author={Michel, Vincent and Gramfort, Alexandre and Varoquaux, Ga{\"e}l and Eger, Evelyn and Thirion, Bertrand},
  journal={IEEE transactions on medical imaging},
  volume={30},
  number={7},
  pages={1328--1340},
  year={2011},
  publisher={IEEE}
}

@article{devlin2018bert,
  title={Bert: Pre-training of deep bidirectional transformers for language understanding},
  author={Devlin, Jacob and Chang, Ming-Wei and Lee, Kenton and Toutanova, Kristina},
  journal={arXiv preprint arXiv:1810.04805},
  year={2018}
}

@article{brown2020language,
  title={Language models are few-shot learners},
  author={Brown, Tom and Mann, Benjamin and Ryder, Nick and Subbiah, Melanie and Kaplan, Jared D and Dhariwal, Prafulla and Neelakantan, Arvind and Shyam, Pranav and Sastry, Girish and Askell, Amanda and others},
  journal={Advances in neural information processing systems},
  volume={33},
  pages={1877--1901},
  year={2020}
}

@article{wang2023multitask,
  title={Multitask joint strategies of self-supervised representation learning on biomedical networks for drug discovery},
  author={Wang, Xiaoqi and Cheng, Yingjie and Yang, Yaning and Yu, Yue and Li, Fei and Peng, Shaoliang},
  journal={Nature Machine Intelligence},
  volume={5},
  number={4},
  pages={445--456},
  year={2023},
  publisher={Nature Publishing Group UK London}
}

@incollection{serra2019multiview,
  title={Multiview learning in biomedical applications},
  author={Serra, Angela and Galdi, Paola and Tagliaferri, Roberto},
  booktitle={Artificial Intelligence in the Age of Neural Networks and Brain Computing},
  pages={265--280},
  year={2019},
  publisher={Elsevier}
}

@article{krishnan2022self,
  title={Self-supervised learning in medicine and healthcare},
  author={Krishnan, Rayan and Rajpurkar, Pranav and Topol, Eric J},
  journal={Nature Biomedical Engineering},
  pages={1--7},
  year={2022},
  publisher={Nature Publishing Group UK London}
}

@article{xu2019towards,
  title={Towards practical alternating least-squares for CCA},
  author={Xu, Zhiqiang and Li, Ping},
  journal={Advances in Neural Information Processing Systems},
  volume={32},
  year={2019}
}

@inproceedings{ma2015finding,
  title={Finding linear structure in large datasets with scalable canonical correlation analysis},
  author={Ma, Zhuang and Lu, Yichao and Foster, Dean},
  booktitle={International conference on machine learning},
  pages={169--178},
  year={2015},
  organization={PMLR}
}

@article{gao2019stochastic,
  title={Stochastic Canonical Correlation Analysis.},
  author={Gao, Chao and Garber, Dan and Srebro, Nathan and Wang, Jialei and Wang, Weiran},
  journal={J. Mach. Learn. Res.},
  volume={20},
  pages={167--1},
  year={2019}
}

@article{arora2017stochastic,
  title={Stochastic approximation for canonical correlation analysis},
  author={Arora, Raman and Marinov, Teodor Vanislavov and Mianjy, Poorya and Srebro, Nati},
  journal={Advances in Neural Information Processing Systems},
  volume={30},
  year={2017}
}

@inproceedings{arora2016stochastic,
  title={Stochastic optimization for multiview representation learning using partial least squares},
  author={Arora, Raman and Mianjy, Poorya and Marinov, Teodor},
  booktitle={International Conference on Machine Learning},
  pages={1786--1794},
  year={2016},
  organization={PMLR}
}

@inproceedings{chang2018scalable,
  title={Scalable and effective deep CCA via soft decorrelation},
  author={Chang, Xiaobin and Xiang, Tao and Hospedales, Timothy M},
  booktitle={Proceedings of the IEEE Conference on Computer Vision and Pattern Recognition},
  pages={1488--1497},
  year={2018}
}

@inproceedings{wang2015stochastic,
  title={Stochastic optimization for deep CCA via nonlinear orthogonal iterations},
  author={Wang, Weiran and Arora, Raman and Livescu, Karen and Srebro, Nathan},
  booktitle={2015 53rd Annual Allerton Conference on Communication, Control, and Computing (Allerton)},
  pages={688--695},
  year={2015},
  organization={IEEE}
}

@article{galton1907vox,
  title={Vox populi (the wisdom of crowds)},
  author={Galton, Francis},
  journal={Nature},
  volume={75},
  number={7},
  pages={450--451},
  year={1907}
}

@article{kanatsoulis2018structured,
  title={Structured SUMCOR multiview canonical correlation analysis for large-scale data},
  author={Kanatsoulis, Charilaos I and Fu, Xiao and Sidiropoulos, Nicholas D and Hong, Mingyi},
  journal={IEEE Transactions on Signal Processing},
  volume={67},
  number={2},
  pages={306--319},
  year={2018},
  publisher={IEEE}
}

@inproceedings{fu2017scalable,
  title={Scalable and flexible Max-Var generalized canonical correlation analysis via alternating optimization},
  author={Fu, Xiao and Huang, Kejun and Hong, Mingyi and Sidiropoulos, Nicholas D and So, Anthony Man-Cho},
  booktitle={2017 IEEE International Conference on Acoustics, Speech and Signal Processing (ICASSP)},
  pages={5855--5859},
  year={2017},
  organization={IEEE}
}

@inproceedings{fern2005correlation,
  title={Correlation clustering for learning mixtures of canonical correlation models},
  author={Fern, Xiaoli Z and Brodley, Carla E and Friedl, Mark A},
  booktitle={Proceedings of the 2005 SIAM International Conference on Data Mining},
  pages={439--448},
  year={2005},
  organization={SIAM}
}

@inproceedings{arora2012stochastic,
  title={Stochastic optimization for PCA and PLS},
  author={Arora, Raman and Cotter, Andrew and Livescu, Karen and Srebro, Nathan},
  booktitle={2012 50th Annual Allerton Conference on Communication, Control, and Computing (Allerton)},
  pages={861--868},
  year={2012},
  organization={IEEE}
}

@article{arora2017stochastic,
  title={Stochastic approximation for canonical correlation analysis},
  author={Arora, Raman and Marinov, Teodor Vanislavov and Mianjy, Poorya and Srebro, Nati},
  journal={Advances in Neural Information Processing Systems},
  volume={30},
  year={2017}
}

@inproceedings{szedmak2007metamorphosis,
  title={A metamorphosis of Canonical Correlation Analysis into multivariate maximum margin learning.},
  author={Szedmak, Sandor and De Bie, Tijl and Hardoon, David R},
  booktitle={ESANN},
  pages={211--216},
  year={2007}
}

@article{luo2015tensor,
  title={Tensor canonical correlation analysis for multi-view dimension reduction},
  author={Luo, Yong and Tao, Dacheng and Ramamohanarao, Kotagiri and Xu, Chao and Wen, Yonggang},
  journal={IEEE transactions on Knowledge and Data Engineering},
  volume={27},
  number={11},
  pages={3111--3124},
  year={2015},
  publisher={IEEE}
}

@article{wenwen2018sparse,
  title={Sparse Weighted Canonical Correlation Analysis},
  author={Wenwen, MIN and Juan, LIU and Zhang, Shihua},
  journal={Chinese Journal of Electronics},
  volume={27},
  number={3},
  pages={459--466},
  year={2018},
  publisher={IET}
}

@article{chu2013sparse,
  title={Sparse kernel canonical correlation analysis},
  author={Chu, Delin and Liao, Li Zhi and Ng, Michael K and Zhang, Xiaowei},
  journal={Lecture Notes in Engineering and Computer Science},
  year={2013},
  publisher={Newswood Ltd. The Conference Proceedings' web site is located at http://www~â€¦}
}

@inproceedings{uurtio2019large,
  title={Large-scale sparse kernel canonical correlation analysis},
  author={Uurtio, Viivi and Bhadra, Sahely and Rousu, Juho},
  booktitle={International Conference on Machine Learning},
  pages={6383--6391},
  year={2019},
  organization={PMLR}
}

@article{yoshida2017sparse,
  title={Sparse kernel canonical correlation analysis for discovery of nonlinear interactions in high-dimensional data},
  author={Yoshida, Kosuke and Yoshimoto, Junichiro and Doya, Kenji},
  journal={BMC bioinformatics},
  volume={18},
  number={1},
  pages={1--11},
  year={2017},
  publisher={Springer}
}

@article{zbontar2021barlow,
  title={Barlow twins: Self-supervised learning via redundancy reduction},
  author={Zbontar, Jure and Jing, Li and Misra, Ishan and LeCun, Yann and Deny, St{\'e}phane},
  journal={arXiv preprint arXiv:2103.03230},
  year={2021}
}

@inproceedings{wang2015stochastic,
  title={Stochastic optimization for deep CCA via nonlinear orthogonal iterations},
  author={Wang, Weiran and Arora, Raman and Livescu, Karen and Srebro, Nathan},
  booktitle={2015 53rd Annual Allerton Conference on Communication, Control, and Computing (Allerton)},
  pages={688--695},
  year={2015},
  organization={IEEE}
}


@book{adams1995hitchhiker,
  title={The Hitchhiker's Guide to the Galaxy},
  author={Adams, D.},
  isbn={9781417642595},
  url={http://books.google.com/books?id=W-xMPgAACAAJ},
  year={1995},
  publisher={San Val}
}

@article{mentalhealthstats,
  title={Mental health statistics: economic and social costs},
  author={Mental Health Foundation},
  url={https://www.mentalhealth.org.uk/statistics/mental-health-statistics-economic-and-social-costs},
  year={2020},
}

@article{mind,
  title={Mental health statistics: economic and social costs},
  author={Mind},
  url={https://www.mind.org.uk/information-support/types-of-mental-health-problems/statistics-and-facts-about-mental-health/how-common-are-mental-health-problems/},
  year={2020},
}

@article{nhs,
  title={No health without
mental health: A crossGovernment mental health
outcomes strategy for
people of all ages},
  author={Department of Health},
  url={https://assets.publishing.service.gov.uk/government/uploads/system/uploads/attachment_data/file/215808/dh_123993.pdf},
  year={2020},
}

@article{andrews2001prevalence,
  title={Prevalence, comorbidity, disability and service utilisation: Overview of the Australian National Mental Health Survey},
  author={Andrews, Gavin and Henderson, Scott and Hall, Wayne},
  journal={The British Journal of Psychiatry},
  volume={178},
  number={2},
  pages={145--153},
  year={2001},
  publisher={Cambridge University Press}
}

https://assets.publishing.service.gov.uk/government/uploads/system/uploads/attachment_data/file/215808/dh_123993.pdf

@article{lykou2010sparse,
  title={Sparse CCA using a Lasso with positivity constraints},
  author={Lykou, Anastasia and Whittaker, Joe},
  journal={Computational Statistics \& Data Analysis},
  volume={54},
  number={12},
  pages={3144--3157},
  year={2010},
  publisher={Elsevier}
}

@book{venkatg,
  title={Computer Science Theory for the Information Age},
  author={Venkatesan Guruswami},
  year={2012},
}

@article{vinod1978survey,
  title={A survey of ridge regression and related techniques for improvements over ordinary least squares},
  author={Vinod, Hrishikesh D},
  journal={The Review of Economics and Statistics},
  pages={121--131},
  year={1978},
  publisher={JSTOR}
}

@article{branco2005robust,
  title={Robust canonical correlations: A comparative study},
  author={Branco, Joao A and Croux, Christophe and Filzmoser, Peter and Oliveira, Maria Rosario},
  journal={Computational Statistics},
  volume={20},
  number={2},
  pages={203--229},
  year={2005},
  publisher={Springer}
}

@article{parkhomenko2009sparse,
  title={Sparse canonical correlation analysis with application to genomic data integration},
  author={Parkhomenko, Elena and Tritchler, David and Beyene, Joseph},
  journal={Statistical applications in genetics and molecular biology},
  volume={8},
  number={1},
  pages={1--34},
  year={2009},
  publisher={De Gruyter}
}

@article{monteiro2016multiple,
  title={A multiple hold-out framework for Sparse Partial Least Squares},
  author={Monteiro, Jo{\~a}o M and Rao, Anil and Shawe-Taylor, John and Mour{\~a}o-Miranda, Janaina and Alzheimer's Disease Initiative and others},
  journal={Journal of neuroscience methods},
  volume={271},
  pages={182--194},
  year={2016},
  publisher={Elsevier}
}

@inproceedings{andrew2013deep,
  title={Deep canonical correlation analysis},
  author={Andrew, Galen and Arora, Raman and Bilmes, Jeff and Livescu, Karen},
  booktitle={International conference on machine learning},
  pages={1247--1255},
  year={2013}
}

@article{han2000mining,
  title={Mining frequent patterns without candidate generation},
  author={Han, Jiawei and Pei, Jian and Yin, Yiwen},
  journal={ACM sigmod record},
  volume={29},
  number={2},
  pages={1--12},
  year={2000},
  publisher={ACM New York, NY, USA}
}

@inproceedings{agrawal1993mining,
  title={Mining association rules between sets of items in large databases},
  author={Agrawal, Rakesh and Imieli{\'n}ski, Tomasz and Swami, Arun},
  booktitle={Proceedings of the 1993 ACM SIGMOD international conference on Management of data},
  pages={207--216},
  year={1993}
}

@article{mueller2005ways,
  title={Ways toward an early diagnosis in Alzheimerâ€™s disease: the Alzheimerâ€™s Disease Neuroimaging Initiative (ADNI)},
  author={Mueller, Susanne G and Weiner, Michael W and Thal, Leon J and Petersen, Ronald C and Jack, Clifford R and Jagust, William and Trojanowski, John Q and Toga, Arthur W and Beckett, Laurel},
  journal={Alzheimer's \& Dementia},
  volume={1},
  number={1},
  pages={55--66},
  year={2005},
  publisher={Elsevier}
}

@article{somerville2018lifespan,
  title={The Lifespan Human Connectome Project in Development: A large-scale study of brain connectivity development in 5--21 year olds},
  author={Somerville, Leah H and Bookheimer, Susan Y and Buckner, Randy L and Burgess, Gregory C and Curtiss, Sandra W and Dapretto, Mirella and Elam, Jennifer Stine and Gaffrey, Michael S and Harms, Michael P and Hodge, Cynthia and others},
  journal={NeuroImage},
  volume={183},
  pages={456--468},
  year={2018},
  publisher={Elsevier}
}

@article{van2013wu,
  title={The WU-Minn human connectome project: an overview},
  author={Van Essen, David C and Smith, Stephen M and Barch, Deanna M and Behrens, Timothy EJ and Yacoub, Essa and Ugurbil, Kamil and Wu-Minn HCP Consortium and others},
  journal={Neuroimage},
  volume={80},
  pages={62--79},
  year={2013},
  publisher={Elsevier}
}

@article{biobank2014uk,
  title={About UK Biobank},
  author={Biobank, UK},
  journal={Available at h ttps://www. ukbiobank. ac. uk/a bout-biobank-uk},
  year={2014}
}

@article{smith2013prevalence,
  title={Prevalence and characteristics of probable major depression and bipolar disorder within UK biobank: cross-sectional study of 172,751 participants},
  author={Smith, Daniel J and Nicholl, Barbara I and Breda Cullen, Daniel Martin and Ul-Haq, Zia and Evans, Jonathan and Gill, Jason MR and Roberts, Beverly and Gallacher, John and Mackay, Daniel and Hotopf, Matthew and others},
  journal={PloS one},
  volume={8},
  number={11},
  year={2013},
  publisher={Public Library of Science}
}

@article{sarraf2016deepad,
  title={DeepAD: Alzheimerâ€™s disease classification via deep convolutional neural networks using MRI and fMRI},
  author={Sarraf, Saman and Tofighi, Ghassem and Alzheimerâ€™s Disease Neuroimaging Initiative and others},
  journal={BioRxiv},
  pages={070441},
  year={2016},
  publisher={Cold Spring Harbor Laboratory}
}

@article{uurtio2017tutorial,
  title={A tutorial on canonical correlation methods},
  author={Uurtio, Viivi and Monteiro, Jo{\~a}o M and Kandola, Jaz and Shawe-Taylor, John and Fernandez-Reyes, Delmiro and Rousu, Juho},
  journal={ACM Computing Surveys (CSUR)},
  volume={50},
  number={6},
  pages={1--33},
  year={2017},
  publisher={ACM New York, NY, USA}
}

@article{li2018survey,
  title={A survey of multi-view representation learning},
  author={Li, Yingming and Yang, Ming and Zhang, Zhongfei},
  journal={IEEE transactions on knowledge and data engineering},
  volume={31},
  number={10},
  pages={1863--1883},
  year={2018},
  publisher={IEEE}
}

@article{wang2018finding,
  title={Finding the needle in high-dimensional haystack: A tutorial on canonical correlation analysis},
  author={Wang, Hao-Ting and Smallwood, Jonathan and Mourao-Miranda, Janaina and Xia, Cedric Huchuan and Satterthwaite, Theodore D and Bassett, Danielle S and Bzdok, Danilo},
  journal={arXiv preprint arXiv:1812.02598},
  year={2018}
}

@article{DBLP:journals/corr/abs-1304-5634,
  author    = {Chang Xu and
               Dacheng Tao and
               Chao Xu},
  title     = {A Survey on Multi-view Learning},
  journal   = {CoRR},
  volume    = {abs/1304.5634},
  year      = {2013},
  url       = {http://arxiv.org/abs/1304.5634},
  archivePrefix = {arXiv},
  eprint    = {1304.5634},
  timestamp = {Mon, 13 Aug 2018 16:47:19 +0200},
  biburl    = {https://dblp.org/rec/journals/corr/abs-1304-5634.bib},
  bibsource = {dblp computer science bibliography, https://dblp.org}
}

@article{zhao2017multi,
  title={Multi-view learning overview: Recent progress and new challenges},
  author={Zhao, Jing and Xie, Xijiong and Xu, Xin and Sun, Shiliang},
  journal={Information Fusion},
  volume={38},
  pages={43--54},
  year={2017},
  publisher={Elsevier}
}

@article{hotelling1935canonical,
  title={Canonical correlation analysis (cca)},
  author={Hotelling, Harold},
  journal={Journal of Educational Psychology},
  pages={10},
  year={1935}
}

@article{mihalik2019brain,
  title={Brain-behaviour modes of covariation in healthy and clinically depressed young people},
  author={Mihalik, Agoston and Ferreira, Fabio S and Rosa, Maria J and Moutoussis, Michael and Ziegler, Gabriel and Monteiro, Joao M and Portugal, Liana and Adams, Rick A and Romero-Garcia, Rafael and V{\'e}rtes, Petra E and others},
  journal={Scientific reports},
  volume={9},
  number={1},
  pages={1--11},
  year={2019},
  publisher={Nature Publishing Group}
}

@article{smith2015positive,
  title={A positive-negative mode of population covariation links brain connectivity, demographics and behavior},
  author={Smith, Stephen M and Nichols, Thomas E and Vidaurre, Diego and Winkler, Anderson M and Behrens, Timothy EJ and Glasser, Matthew F and Ugurbil, Kamil and Barch, Deanna M and Van Essen, David C and Miller, Karla L},
  journal={Nature neuroscience},
  volume={18},
  number={11},
  pages={1565},
  year={2015},
  publisher={Nature Publishing Group}
}

@article{zhu2016canonical,
  title={Canonical feature selection for joint regression and multi-class identification in Alzheimerâ€™s disease diagnosis},
  author={Zhu, Xiaofeng and Suk, Heung-Il and Lee, Seong-Whan and Shen, Dinggang},
  journal={Brain imaging and behavior},
  volume={10},
  number={3},
  pages={818--828},
  year={2016},
  publisher={Springer}
}

@incollection{golub1995canonical,
  title={The canonical correlations of matrix pairs and their numerical computation},
  author={Golub, Gene H and Zha, Hongyuan},
  booktitle={Linear algebra for signal processing},
  pages={27--49},
  year={1995},
  publisher={Springer}
}

@article{tutz2016regularized,
  title={Regularized regression for categorical data},
  author={Tutz, Gerhard and Gertheiss, Jan},
  journal={Statistical Modelling},
  volume={16},
  number={3},
  pages={161--200},
  year={2016},
  publisher={Sage Publications Sage India: New Delhi, India}
}

@inproceedings{wang2015stochastic,
  title={Stochastic optimization for deep CCA via nonlinear orthogonal iterations},
  author={Wang, Weiran and Arora, Raman and Livescu, Karen and Srebro, Nathan},
  booktitle={2015 53rd Annual Allerton Conference on Communication, Control, and Computing (Allerton)},
  pages={688--695},
  year={2015},
  organization={IEEE}
}

@article{mai2019iterative,
  title={An iterative penalized least squares approach to sparse canonical correlation analysis},
  author={Mai, Qing and Zhang, Xin},
  journal={Biometrics},
  volume={75},
  number={3},
  pages={734--744},
  year={2019},
  publisher={Wiley Online Library}
}

@article{lauterbur1973image,
  title={Image formation by induced local interactions: examples employing nuclear magnetic resonance},
  author={Lauterbur, Paul C},
  journal={nature},
  volume={242},
  number={5394},
  pages={190--191},
  year={1973},
  publisher={Nature Publishing Group}
}

@article{mansfield1977medical,
  title={Medical imaging by NMR},
  author={Mansfield, Peter and Maudsley, Andrew A},
  journal={The British journal of radiology},
  volume={50},
  number={591},
  pages={188--194},
  year={1977},
  publisher={The British Institute of Radiology}
}

@article{barch2013function,
  title={Function in the human connectome: task-fMRI and individual differences in behavior},
  author={Barch, Deanna M and Burgess, Gregory C and Harms, Michael P and Petersen, Steven E and Schlaggar, Bradley L and Corbetta, Maurizio and Glasser, Matthew F and Curtiss, Sandra and Dixit, Sachin and Feldt, Cindy and others},
  journal={Neuroimage},
  volume={80},
  pages={169--189},
  year={2013},
  publisher={Elsevier}
}

@article{van2010exploring,
  title={Exploring the brain network: a review on resting-state fMRI functional connectivity},
  author={Van Den Heuvel, Martijn P and Pol, Hilleke E Hulshoff},
  journal={European neuropsychopharmacology},
  volume={20},
  number={8},
  pages={519--534},
  year={2010},
  publisher={Elsevier}
}

@article{koch2012diagnostic,
  title={Diagnostic power of default mode network resting state fMRI in the detection of Alzheimer's disease},
  author={Koch, Walter and Teipel, Stephan and Mueller, Sophia and Benninghoff, Jens and Wagner, Maxmilian and Bokde, Arun LW and Hampel, Harald and Coates, Ute and Reiser, Maximilian and Meindl, Thomas},
  journal={Neurobiology of aging},
  volume={33},
  number={3},
  pages={466--478},
  year={2012},
  publisher={Elsevier}
}

@article{tournier2004direct,
  title={Direct estimation of the fiber orientation density function from diffusion-weighted MRI data using spherical deconvolution},
  author={Tournier, J-Donald and Calamante, Fernando and Gadian, David G and Connelly, Alan},
  journal={Neuroimage},
  volume={23},
  number={3},
  pages={1176--1185},
  year={2004},
  publisher={Elsevier}
}

@inproceedings{dhillon2011multi,
  title={Multi-view learning of word embeddings via cca},
  author={Dhillon, Paramveer and Foster, Dean P and Ungar, Lyle H},
  booktitle={Advances in neural information processing systems},
  pages={199--207},
  year={2011}
}

@article {Dinga2020.08.17.255034,
	author = {Dinga, Richard and Schmaal, Lianne and Penninx, Brenda WJH and Veltman, Dick J and Marquand, Andre F},
	title = {Controlling for effects of confounding variables on machine learning predictions},
	elocation-id = {2020.08.17.255034},
	year = {2020},
	doi = {10.1101/2020.08.17.255034},
	publisher = {Cold Spring Harbor Laboratory},
	abstract = {Machine learning predictive models are being used in neuroimaging to predict information about the task or stimuli or to identify potentially clinically useful biomarkers. However, the predictions can be driven by confounding variables unrelated to the signal of interest, such as scanner effect or head motion, limiting the clinical usefulness and interpretation of machine learning models. The most common method to control for confounding effects is regressing out the confounding variables separately from each input variable before machine learning modeling. However, we show that this method is insufficient because machine learning models can learn information from the data that cannot be regressed out. Instead of regressing out confounding effects from each input variable, we propose controlling for confounds post-hoc on the level of machine learning predictions. This allows partitioning of the predictive performance into the performance that can be explained by confounds and performance independent of confounds. This approach is flexible and allows for parametric and non-parametric confound adjustment. We show in real and simulated data that this method correctly controls for confounding effects even when traditional input variable adjustment produces false-positive findings.Competing Interest StatementThe authors have declared no competing interest.},
	URL = {https://www.biorxiv.org/content/early/2020/08/18/2020.08.17.255034},
	eprint = {https://www.biorxiv.org/content/early/2020/08/18/2020.08.17.255034.full.pdf},
	journal = {bioRxiv}
}

@article{ratto2018girls,
  title={What about the girls? Sex-based differences in autistic traits and adaptive skills},
  author={Ratto, Allison B and Kenworthy, Lauren and Yerys, Benjamin E and Bascom, Julia and Wieckowski, Andrea Trubanova and White, Susan W and Wallace, Gregory L and Pugliese, Cara and Schultz, Robert T and Ollendick, Thomas H and others},
  journal={Journal of autism and developmental disorders},
  volume={48},
  number={5},
  pages={1698--1711},
  year={2018},
  publisher={Springer}
}

@article{NASDiverse,
  title={The challenges for families affected
by autism from Black, Asian and
Minority Ethnic communities},
  author={The National Autistic Society},
  year={2014},
}

@article{jack2008alzheimer,
  title={The Alzheimer's disease neuroimaging initiative (ADNI): MRI methods},
  author={Jack Jr, Clifford R and Bernstein, Matt A and Fox, Nick C and Thompson, Paul and Alexander, Gene and Harvey, Danielle and Borowski, Bret and Britson, Paula J and L. Whitwell, Jennifer and Ward, Chadwick and others},
  journal={Journal of Magnetic Resonance Imaging: An Official Journal of the International Society for Magnetic Resonance in Medicine},
  volume={27},
  number={4},
  pages={685--691},
  year={2008},
  publisher={Wiley Online Library}
}

@inproceedings{sun2008least,
  title={A least squares formulation for canonical correlation analysis},
  author={Sun, Liang and Ji, Shuiwang and Ye, Jieping},
  booktitle={Proceedings of the 25th international conference on Machine learning},
  pages={1024--1031},
  year={2008}
}

@article{via2007learning,
  title={A learning algorithm for adaptive canonical correlation analysis of several data sets},
  author={V{\'\i}a, Javier and Santamar{\'\i}a, Ignacio and P{\'e}rez, Jes{\'u}s},
  journal={Neural Networks},
  volume={20},
  number={1},
  pages={139--152},
  year={2007},
  publisher={Elsevier}
}

@article{witten2009penalized,
  title={A penalized matrix decomposition, with applications to sparse principal components and canonical correlation analysis},
  author={Witten, Daniela M and Tibshirani, Robert and Hastie, Trevor},
  journal={Biostatistics},
  volume={10},
  number={3},
  pages={515--534},
  year={2009},
  publisher={Oxford University Press}
}

@article{witten2009extensions,
  title={Extensions of sparse canonical correlation analysis with applications to genomic data},
  author={Witten, Daniela M and Tibshirani, Robert J},
  journal={Statistical applications in genetics and molecular biology},
  volume={8},
  number={1},
  year={2009},
  publisher={De Gruyter}
}

@article{wang2007variational,
  title={Variational Bayesian approach to canonical correlation analysis},
  author={Wang, Chong},
  journal={IEEE Transactions on Neural Networks},
  volume={18},
  number={3},
  pages={905--910},
  year={2007},
  publisher={IEEE}
}

@article{winkler2020permutation,
  title={Permutation inference for Canonical Correlation Analysis},
  author={Winkler, Anderson M and Renaud, Olivier and Smith, Stephen M and Nichols, Thomas E},
  journal={arXiv preprint arXiv:2002.10046},
  year={2020}
}

@article{winkler2015multi,
  title={Multi-level block permutation},
  author={Winkler, Anderson M and Webster, Matthew A and Vidaurre, Diego and Nichols, Thomas E and Smith, Stephen M},
  journal={Neuroimage},
  volume={123},
  pages={253--268},
  year={2015},
  publisher={Elsevier}
}

@article{wilms2015sparse,
  title={Sparse canonical correlation analysis from a predictive point of view},
  author={Wilms, Ines and Croux, Christophe},
  journal={Biometrical Journal},
  volume={57},
  number={5},
  pages={834--851},
  year={2015},
  publisher={Wiley Online Library}
}

@inproceedings{van2011generalized,
  title={On generalized canonical correlation analysis},
  author={van de Velden, Michel},
  booktitle={Proceedings of the 58th World Statistical Congress},
  pages={758--765},
  year={2011}
}

@article{tenenhaus2014variable,
  title={Variable selection for generalized canonical correlation analysis},
  author={Tenenhaus, Arthur and Philippe, Cathy and Guillemot, Vincent and Le Cao, Kim-Anh and Grill, Jacques and Frouin, Vincent},
  journal={Biostatistics},
  volume={15},
  number={3},
  pages={569--583},
  year={2014},
  publisher={Oxford University Press}
}

@inproceedings{carroll1968generalization,
  title={Generalization of canonical correlation analysis to three or more sets of variables},
  author={Carroll, J Douglas},
  booktitle={Proceedings of the 76th annual convention of the American Psychological Association},
  volume={3},
  pages={227--228},
  year={1968},
  organization={Washington, DC}
}

@article{kettenring1971canonical,
  title={Canonical analysis of several sets of variables},
  author={Kettenring, Jon R},
  journal={Biometrika},
  volume={58},
  number={3},
  pages={433--451},
  year={1971},
  publisher={Oxford University Press}
}

@article{hardoon2004canonical,
  title={Canonical correlation analysis: An overview with application to learning methods},
  author={Hardoon, David R and Szedmak, Sandor and Shawe-Taylor, John},
  journal={Neural computation},
  volume={16},
  number={12},
  pages={2639--2664},
  year={2004},
  publisher={MIT Press}
}

@article{waaijenborg2008quantifying,
  title={Quantifying the association between gene expressions and DNA-markers by penalized canonical correlation analysis},
  author={Waaijenborg, Sandra and de Witt Hamer, Philip C Verselewel and Zwinderman, Aeilko H},
  journal={Statistical applications in genetics and molecular biology},
  volume={7},
  number={1},
  year={2008},
  publisher={De Gruyter}
}

@article{pedregosa2011scikit,
  title={Scikit-learn: Machine learning in Python},
  author={Pedregosa, Fabian and Varoquaux, Ga{\"e}l and Gramfort, Alexandre and Michel, Vincent and Thirion, Bertrand and Grisel, Olivier and Blondel, Mathieu and Prettenhofer, Peter and Weiss, Ron and Dubourg, Vincent and others},
  journal={the Journal of machine Learning research},
  volume={12},
  pages={2825--2830},
  year={2011},
  publisher={JMLR. org}
}

@article{vinod1976canonical,
  title={Canonical ridge and econometrics of joint production},
  author={Vinod, Hrishikesh D},
  journal={Journal of econometrics},
  volume={4},
  number={2},
  pages={147--166},
  year={1976},
  publisher={Elsevier}
}

@article{wold1966estimation,
  title={Estimation of principal components and related models by iterative least squares},
  author={Wold, Herman},
  journal={Multivariate analysis},
  pages={391--420},
  year={1966},
  publisher={Academic press}
}

@inproceedings{rosipal2005overview,
  title={Overview and recent advances in partial least squares},
  author={Rosipal, Roman and Kr{\"a}mer, Nicole},
  booktitle={International Statistical and Optimization Perspectives Workshop" Subspace, Latent Structure and Feature Selection"},
  pages={34--51},
  year={2005},
  organization={Springer}
}

@article{sun2013survey,
  title={A survey of multi-view machine learning},
  author={Sun, Shiliang},
  journal={Neural computing and applications},
  volume={23},
  number={7-8},
  pages={2031--2038},
  year={2013},
  publisher={Springer}
}

@article{xu2013survey,
  title={A survey on multi-view learning},
  author={Xu, Chang and Tao, Dacheng and Xu, Chao},
  journal={arXiv preprint arXiv:1304.5634},
  year={2013}
}

@article{hoskuldsson1988pls,
  title={PLS regression methods},
  author={H{\"o}skuldsson, Agnar},
  journal={Journal of chemometrics},
  volume={2},
  number={3},
  pages={211--228},
  year={1988},
  publisher={Wiley Online Library}
}

@article{wegelin2000survey,
  title={A survey of Partial Least Squares (PLS) methods, with emphasis on the two-block case},
  author={Wegelin, Jacob A},
  year={2000},
  publisher={Citeseer}
}

@inproceedings{mackey2009deflation,
  title={Deflation methods for sparse PCA},
  author={Mackey, Lester W},
  booktitle={Advances in neural information processing systems},
  pages={1017--1024},
  year={2009}
}

@article{chen2013sparse,
  title={Sparse CCA via precision adjusted iterative thresholding},
  author={Chen, Mengjie and Gao, Chao and Ren, Zhao and Zhou, Harrison H},
  journal={arXiv preprint arXiv:1311.6186},
  year={2013}
}

@inproceedings{sun2008least,
  title={A least squares formulation for canonical correlation analysis},
  author={Sun, Liang and Ji, Shuiwang and Ye, Jieping},
  booktitle={Proceedings of the 25th international conference on Machine learning},
  pages={1024--1031},
  year={2008}
}

@article{suo2017sparse,
  title={Sparse canonical correlation analysis},
  author={Suo, Xiaotong and Minden, Victor and Nelson, Bradley and Tibshirani, Robert and Saunders, Michael},
  journal={arXiv preprint arXiv:1705.10865},
  year={2017}
}

@inproceedings{wagstaff2001constrained,
  title={Constrained k-means clustering with background knowledge},
  author={Wagstaff, Kiri and Cardie, Claire and Rogers, Seth and Schr{\"o}dl, Stefan and others},
  booktitle={Icml},
  volume={1},
  pages={577--584},
  year={2001}
}

@inproceedings{qi2016deep,
  title={Deep multi-view representation learning for multi-modal features of the schizophrenia and schizo-affective disorder},
  author={Qi, Jun and Tejedor, Javier},
  booktitle={2016 IEEE International Conference on Acoustics, Speech and Signal Processing (ICASSP)},
  pages={952--956},
  year={2016},
  organization={IEEE}
}

@article{yoon2018gain,
  title={Gain: Missing data imputation using generative adversarial nets},
  author={Yoon, Jinsung and Jordon, James and Van Der Schaar, Mihaela},
  journal={arXiv preprint arXiv:1806.02920},
  year={2018}
}

@article{bach2005probabilistic,
  title={A probabilistic interpretation of canonical correlation analysis},
  author={Bach, Francis R and Jordan, Michael I},
  year={2005},
  publisher={Citeseer}
}

@article{Hoshen2018UnsupervisedCA,
  title={Unsupervised Correlation Analysis},
  author={Yedid Hoshen and Lior Wolf},
  journal={2018 IEEE/CVF Conference on Computer Vision and Pattern Recognition},
  year={2018},
  pages={3319-3328}
}

@article{beaton2020generalization,
  title={A generalization of partial least squares regression and correspondence analysis for categorical and mixed data: An application with the ADNI data},
  author={Beaton, Derek and Saporta, Gilbert},
  year={2020}
}

@phdthesis{de2017exploring,
  title={Exploring the latent space between brain and behaviour using eigen-decomposition methods},
  author={De Matos Monteiro, Jo{\~a}o Andr{\'e}},
  year={2017},
  school={UCL (University College London)}
}

@article{efron2004least,
  title={Least angle regression},
  author={Efron, Bradley and Hastie, Trevor and Johnstone, Iain and Tibshirani, Robert and others},
  journal={The Annals of statistics},
  volume={32},
  number={2},
  pages={407--499},
  year={2004},
  publisher={Institute of Mathematical Statistics}
}

@inproceedings{kramer2007kernelizing,
  title={Kernelizing PLS, degrees of freedom, and efficient model selection},
  author={Kr{\"a}mer, Nicole and Braun, Mikio L},
  booktitle={Proceedings of the 24th international conference on Machine learning},
  pages={441--448},
  year={2007}
}

@article{mihalik2020multiple,
  title={Multiple holdouts with stability: Improving the generalizability of machine learning analyses of brain--behavior relationships},
  author={Mihalik, Agoston and Ferreira, Fabio S and Moutoussis, Michael and Ziegler, Gabriel and Adams, Rick A and Rosa, Maria J and Prabhu, Gita and de Oliveira, Leticia and Pereira, Mirtes and Bullmore, Edward T and others},
  journal={Biological psychiatry},
  volume={87},
  number={4},
  pages={368--376},
  year={2020},
  publisher={Elsevier}
}

@article{helmer2020stability,
  title={On stability of Canonical Correlation Analysis and Partial Least Squares with application to brain-behavior associations},
  author={Helmer, Markus and Warrington, Shaun D and Mohammadi-Nejad, Ali-Reza and Ji, Jie Lisa and Howell, Amber and Rosand, Benjamin and Anticevic, Alan and Sotiropoulos, Stamatios N and Murray, John D},
  journal={bioRxiv},
  year={2020},
  publisher={Cold Spring Harbor Laboratory}
}

@article{lederer2019control,
  title={Control of confounding and reporting of results in causal inference studies. Guidance for authors from editors of respiratory, sleep, and critical care journals},
  author={Lederer, David J and Bell, Scott C and Branson, Richard D and Chalmers, James D and Marshall, Rachel and Maslove, David M and Ost, David E and Punjabi, Naresh M and Schatz, Michael and Smyth, Alan R and others},
  journal={Annals of the American Thoracic Society},
  volume={16},
  number={1},
  pages={22--28},
  year={2019},
  publisher={American Thoracic Society}
}

@article{li2020braingnn,
  title={BrainGNN: Interpretable Brain Graph Neural Network for fMRI Analysis},
  author={Li, Xiaoxiao and Duncan, James},
  journal={bioRxiv},
  year={2020},
  publisher={Cold Spring Harbor Laboratory}
}

@article{schulz2020different,
  title={Different scaling of linear models and deep learning in UKBiobank brain images versus machine-learning datasets},
  author={Schulz, Marc-Andre and Yeo, BT Thomas and Vogelstein, Joshua T and Mourao-Miranada, Janaina and Kather, Jakob N and Kording, Konrad and Richards, Blake and Bzdok, Danilo},
  journal={Nature Communications},
  volume={11},
  number={1},
  pages={1--15},
  year={2020},
  publisher={Nature Publishing Group}
}

@article{abrol2020hype,
  title={Hype versus hope: Deep learning encodes more predictive and robust brain imaging representations than standard machine learning},
  author={Abrol, Anees and Fu, Zening and Salman, Mustafa and Silva, Rogers and Du, Yuhui and Plis, Sergey and Calhoun, Vince},
  journal={bioRxiv},
  year={2020},
  publisher={Cold Spring Harbor Laboratory}
}

@article{yoshida2017sparse,
  title={Sparse kernel canonical correlation analysis for discovery of nonlinear interactions in high-dimensional data},
  author={Yoshida, Kosuke and Yoshimoto, Junichiro and Doya, Kenji},
  journal={BMC bioinformatics},
  volume={18},
  number={1},
  pages={1--11},
  year={2017},
  publisher={BioMed Central}
}

@article{li2020application,
  title={Application of deep canonically correlated sparse autoencoder for the classification of schizophrenia},
  author={Li, Gang and Han, Depeng and Wang, Chao and Hu, Wenxing and Calhoun, Vince D and Wang, Yu-Ping},
  journal={Computer methods and programs in biomedicine},
  volume={183},
  pages={105073},
  year={2020},
  publisher={Elsevier}
}

@inproceedings{wang2015deep,
  title={On deep multi-view representation learning},
  author={Wang, Weiran and Arora, Raman and Livescu, Karen and Bilmes, Jeff},
  booktitle={International conference on machine learning},
  pages={1083--1092},
  year={2015}
}

@article{zhuang2020technical,
  title={A technical review of canonical correlation analysis for neuroscience applications},
  author={Zhuang, Xiaowei and Yang, Zhengshi and Cordes, Dietmar},
  journal={Human Brain Mapping},
  volume={41},
  number={13},
  pages={3807--3833},
  year={2020},
  publisher={Wiley Online Library}
}

@article{dinga2019evaluating,
  title={Evaluating the evidence for biotypes of depression: Methodological replication and extension of},
  author={Dinga, Richard and Schmaal, Lianne and Penninx, Brenda WJH and van Tol, Marie Jose and Veltman, Dick J and van Velzen, Laura and Mennes, Maarten and van der Wee, Nic JA and Marquand, Andre F},
  journal={NeuroImage: Clinical},
  volume={22},
  pages={101796},
  year={2019},
  publisher={Elsevier}
}

@article{drysdale2017resting,
  title={Resting-state connectivity biomarkers define neurophysiological subtypes of depression},
  author={Drysdale, Andrew T and Grosenick, Logan and Downar, Jonathan and Dunlop, Katharine and Mansouri, Farrokh and Meng, Yue and Fetcho, Robert N and Zebley, Benjamin and Oathes, Desmond J and Etkin, Amit and others},
  journal={Nature medicine},
  volume={23},
  number={1},
  pages={28--38},
  year={2017},
  publisher={Nature Publishing Group}
}

@article{hotelling1933analysis,
  title={Analysis of a complex of statistical variables into principal components.},
  author={Hotelling, Harold},
  journal={Journal of educational psychology},
  volume={24},
  number={6},
  pages={417},
  year={1933},
  publisher={Warwick \& York}
}

@article{mehmood2011partial,
  title={A Partial Least Squares based algorithm for parsimonious variable selection},
  author={Mehmood, Tahir and Martens, Harald and S{\ae}b{\o}, Solve and Warringer, Jonas and Snipen, Lars},
  journal={Algorithms for Molecular Biology},
  volume={6},
  number={1},
  pages={27},
  year={2011},
  publisher={Springer}
}

@article{couture2019deep,
  title={Deep Multi-View Learning via Task-Optimal CCA},
  author={Couture, Heather D and Kwitt, Roland and Marron, JS and Troester, Melissa and Perou, Charles M and Niethammer, Marc},
  journal={arXiv preprint arXiv:1907.07739},
  year={2019}
}

@article{rodosthenous2020integrating,
  title={Integrating multi-OMICS data through sparse Canonical Correlation Analysis for the prediction of complex traits: A comparison study},
  author={Rodosthenous, Theodoulos and Shahrezaei, Vahid and Evangelou, Marina},
  journal={Bioinformatics},
  year={2020}
}
@article{bertolero2020deep,
  title={Deep Neural Networks Carve the Brain at its Joints},
  author={Bertolero, Maxwell A and Bassett, Danielle S},
  journal={arXiv preprint arXiv:2002.08891},
  year={2020}
}

@article{dong2019learning,
  title={Learning graphs from data: A signal representation perspective},
  author={Dong, Xiaowen and Thanou, Dorina and Rabbat, Michael and Frossard, Pascal},
  journal={IEEE Signal Processing Magazine},
  volume={36},
  number={3},
  pages={44--63},
  year={2019},
  publisher={IEEE}
}

@inproceedings{krizhevsky2012imagenet,
  title={Imagenet classification with deep convolutional neural networks},
  author={Krizhevsky, Alex and Sutskever, Ilya and Hinton, Geoffrey E},
  booktitle={Advances in neural information processing systems},
  pages={1097--1105},
  year={2012}
}

@article{yamashita2018convolutional,
  title={Convolutional neural networks: an overview and application in radiology},
  author={Yamashita, Rikiya and Nishio, Mizuho and Do, Richard Kinh Gian and Togashi, Kaori},
  journal={Insights into imaging},
  volume={9},
  number={4},
  pages={611--629},
  year={2018},
  publisher={Springer}
}

@inproceedings{chang2018scalable,
  title={Scalable and effective deep cca via soft decorrelation},
  author={Chang, Xiaobin and Xiang, Tao and Hospedales, Timothy M},
  booktitle={Proceedings of the IEEE Conference on Computer Vision and Pattern Recognition},
  pages={1488--1497},
  year={2018}
}

@article{li2020braingnn,
  title={BrainGNN: Interpretable Brain Graph Neural Network for fMRI Analysis},
  author={Li, Xiaoxiao and Duncan, James},
  journal={bioRxiv},
  year={2020},
  publisher={Cold Spring Harbor Laboratory}
}

@article{varoquaux2017assessing,
  title={Assessing and tuning brain decoders: cross-validation, caveats, and guidelines},
  author={Varoquaux, Ga{\"e}l and Raamana, Pradeep Reddy and Engemann, Denis A and Hoyos-Idrobo, Andr{\'e}s and Schwartz, Yannick and Thirion, Bertrand},
  journal={NeuroImage},
  volume={145},
  pages={166--179},
  year={2017},
  publisher={Elsevier}
}

@article{mihalik2020multiple,
  title={Multiple holdouts with stability: Improving the generalizability of machine learning analyses of brain--behavior relationships},
  author={Mihalik, Agoston and Ferreira, Fabio S and Moutoussis, Michael and Ziegler, Gabriel and Adams, Rick A and Rosa, Maria J and Prabhu, Gita and de Oliveira, Leticia and Pereira, Mirtes and Bullmore, Edward T and others},
  journal={Biological psychiatry},
  volume={87},
  number={4},
  pages={368--376},
  year={2020},
  publisher={Elsevier}
}

@article{greicius2004default,
  title={Default-mode network activity distinguishes Alzheimer's disease from healthy aging: evidence from functional MRI},
  author={Greicius, Michael D and Srivastava, Gaurav and Reiss, Allan L and Menon, Vinod},
  journal={Proceedings of the National Academy of Sciences},
  volume={101},
  number={13},
  pages={4637--4642},
  year={2004},
  publisher={National Acad Sciences}
}

@article{parisot2018disease,
  title={Disease prediction using graph convolutional networks: Application to Autism Spectrum Disorder and Alzheimerâ€™s disease},
  author={Parisot, Sarah and Ktena, Sofia Ira and Ferrante, Enzo and Lee, Matthew and Guerrero, Ricardo and Glocker, Ben and Rueckert, Daniel},
  journal={Medical image analysis},
  volume={48},
  pages={117--130},
  year={2018},
  publisher={Elsevier}
}

@incollection{NEURIPS2019_9015,
title = {PyTorch: An Imperative Style, High-Performance Deep Learning Library},
author = {Paszke, Adam and Gross, Sam and Massa, Francisco and Lerer, Adam and Bradbury, James and Chanan, Gregory and Killeen, Trevor and Lin, Zeming and Gimelshein, Natalia and Antiga, Luca and Desmaison, Alban and Kopf, Andreas and Yang, Edward and DeVito, Zachary and Raison, Martin and Tejani, Alykhan and Chilamkurthy, Sasank and Steiner, Benoit and Fang, Lu and Bai, Junjie and Chintala, Soumith},
booktitle = {Advances in Neural Information Processing Systems 32},
editor = {H. Wallach and H. Larochelle and A. Beygelzimer and F. d\textquotesingle Alch\'{e}-Buc and E. Fox and R. Garnett},
pages = {8024--8035},
year = {2019},
publisher = {Curran Associates, Inc.},
url = {http://papers.neurips.cc/paper/9015-pytorch-an-imperative-style-high-performance-deep-learning-library.pdf}
}

@article{wang2016deep,
  title={Deep variational canonical correlation analysis},
  author={Wang, Weiran and Yan, Xinchen and Lee, Honglak and Livescu, Karen},
  journal={arXiv preprint arXiv:1610.03454},
  year={2016}
}

@article{kingma2013auto,
  title={Auto-encoding variational bayes},
  author={Kingma, Diederik P and Welling, Max},
  journal={arXiv preprint arXiv:1312.6114},
  year={2013}
}

@incollection{hotelling1992relations,
  title={Relations between two sets of variates},
  author={Hotelling, Harold},
  booktitle={Breakthroughs in statistics},
  pages={162--190},
  year={1992},
  publisher={Springer},
  doi={10.2307/2333955}
}

@article{vinod1976canonical,
  title={Canonical ridge and econometrics of joint production},
  author={Vinod, Hrishikesh D},
  journal={Journal of econometrics},
  volume={4},
  number={2},
  pages={147--166},
  year={1976},
  publisher={Elsevier},
  doi={10.1016/0304-4076(76)90010-5}
}

@article{bach2005probabilistic,
  title={A probabilistic interpretation of canonical correlation analysis},
  author={Bach, Francis R and Jordan, Michael I},
  year={2005},
  url={https://statistics.berkeley.edu/sites/default/files/tech-reports/688.pdf},
  publisher={Technical Report 688, Department of Statistics, University of California Berkeley}
}

@article{hardoon2004canonical,
  title={Canonical correlation analysis: An overview with application to learning methods},
  author={Hardoon, David R and Szedmak, Sandor and Shawe-Taylor, John},
  journal={Neural computation},
  volume={16},
  number={12},
  pages={2639--2664},
  year={2004},
  publisher={MIT Press},
  doi={10.1162/0899766042321814}
}

@article{tenenhaus2011regularized,
  title={Regularized generalized canonical correlation analysis},
  author={Tenenhaus, Arthur and Tenenhaus, Michel},
  journal={Psychometrika},
  volume={76},
  number={2},
  pages={257},
  year={2011},
  publisher={Springer},
  doi={10.1007/s11336-011-9206-8}
}

@article{witten2009penalized,
  title={A penalized matrix decomposition, with applications to sparse principal components and canonical correlation analysis},
  author={Witten, Daniela M and Tibshirani, Robert and Hastie, Trevor},
  journal={Biostatistics},
  volume={10},
  number={3},
  pages={515--534},
  year={2009},
  publisher={Oxford University Press},
  doi={10.1093/biostatistics/kxp008}
}

@article{waaijenborg2008quantifying,
  title={Quantifying the association between gene expressions and DNA-markers by penalized canonical correlation analysis},
  author={Waaijenborg, Sandra and de Witt Hamer, Philip C Verselewel and Zwinderman, Aeilko H},
  journal={Statistical applications in genetics and molecular biology},
  volume={7},
  number={1},
  year={2008},
  publisher={De Gruyter},
  doi={10.2202/1544-6115.1329}
}

@article{parkhomenko2009sparse,
  title={Sparse canonical correlation analysis with application to genomic data integration},
  author={Parkhomenko, Elena and Tritchler, David and Beyene, Joseph},
  journal={Statistical applications in genetics and molecular biology},
  volume={8},
  number={1},
  year={2009},
  publisher={De Gruyter},
  doi={10.2202/1544-6115.1406}
}

@article{mai2019iterative,
  title={An iterative penalized least squares approach to sparse canonical correlation analysis},
  author={Mai, Qing and Zhang, Xin},
  journal={Biometrics},
  volume={75},
  number={3},
  pages={734--744},
  year={2019},
  publisher={Wiley Online Library},
  doi={10.1111/biom.13043}
}

@inproceedings{asteris2016simple,
  title={A simple and provable algorithm for sparse diagonal CCA},
  author={Asteris, Megasthenis and Kyrillidis, Anastasios and Koyejo, Oluwasanmi and Poldrack, Russell},
  booktitle={International Conference on Machine Learning},
  pages={1148--1157},
  year={2016},
  organization={PMLR}
}

@article{wenwen2018sparse,
  title={Sparse Weighted Canonical Correlation Analysis},
  author={Wenwen, MIN and Juan, LIU and Zhang, Shihua},
  journal={Chinese Journal of Electronics},
  volume={27},
  number={3},
  pages={459--466},
  year={2018},
  publisher={IET},
  doi={10.1049/cje.2017.08.004}
}

@inproceedings{andrew2013deep,
  title={Deep canonical correlation analysis},
  author={Andrew, Galen and Arora, Raman and Bilmes, Jeff and Livescu, Karen},
  booktitle={International conference on machine learning},
  pages={1247--1255},
  year={2013},
  organization={PMLR}
}

@article{paszke2019pytorch,
  title={Pytorch: An imperative style, high-performance deep learning library},
  author={Paszke, Adam and Gross, Sam and Massa, Francisco and Lerer, Adam and Bradbury, James and Chanan, Gregory and Killeen, Trevor and Lin, Zeming and Gimelshein, Natalia and Antiga, Luca and others},
  journal={Advances in neural information processing systems},
  volume={32},
  pages={8026--8037},
  year={2019}
}

@article{pedregosa2011scikit,
  title={Scikit-learn: Machine learning in Python},
  author={Pedregosa, Fabian and Varoquaux, Ga{\"e}l and Gramfort, Alexandre and Michel, Vincent and Thirion, Bertrand and Grisel, Olivier and Blondel, Mathieu and Prettenhofer, Peter and Weiss, Ron and Dubourg, Vincent and others},
  journal={the Journal of machine Learning research},
  volume={12},
  pages={2825--2830},
  year={2011},
  publisher={JMLR. org}
}

@article{bilenko2016pyrcca,
  title={Pyrcca: regularized kernel canonical correlation analysis in python and its applications to neuroimaging},
  author={Bilenko, Natalia Y and Gallant, Jack L},
  journal={Frontiers in neuroinformatics},
  volume={10},
  pages={49},
  year={2016},
  publisher={Frontiers},
  doi={10.3389/fninf.2016.00049}
}

@article{perry2020mvlearn,
  title={mvlearn: Multiview machine learning in python},
  author={Perry, Ronan and Mischler, Gavin and Guo, Richard and Lee, Theodore and Chang, Alexander and Koul, Arman and Franz, Cameron and Richard, Hugo and Carmichael, Iain and Ablin, Pierre and others},
  journal={arXiv preprint arXiv:2005.11890},
  year={2020}
}

@incollection{golub1995canonical,
  title={The canonical correlations of matrix pairs and their numerical computation},
  author={Golub, Gene H and Zha, Hongyuan},
  booktitle={Linear algebra for signal processing},
  pages={27--49},
  year={1995},
  publisher={Springer},
  doi={10.1007/978-1-4612-4228-4_3}
}

@inproceedings{wang2015stochastic,
  title={Stochastic optimization for deep CCA via nonlinear orthogonal iterations},
  author={Wang, Weiran and Arora, Raman and Livescu, Karen and Srebro, Nathan},
  booktitle={2015 53rd Annual Allerton Conference on Communication, Control, and Computing (Allerton)},
  pages={688--695},
  year={2015},
  organization={IEEE},
  doi={10.1109/allerton.2015.7447071}
}

@inproceedings{kim2007tensor,
  title={Tensor canonical correlation analysis for action classification},
  author={Kim, Tae-Kyun and Wong, Shu-Fai and Cipolla, Roberto},
  booktitle={2007 IEEE Conference on Computer Vision and Pattern Recognition},
  pages={1--8},
  year={2007},
  organization={IEEE},
  doi={10.1109/cvpr.2007.383137}
}

@inproceedings{ngiam2011multimodal,
  title={Multimodal deep learning},
  author={Ngiam, Jiquan and Khosla, Aditya and Kim, Mingyu and Nam, Juhan and Lee, Honglak and Ng, Andrew Y},
  booktitle={ICML},
  year={2011}
}

@article{suo2017sparse,
  title={Sparse canonical correlation analysis},
  author={Suo, Xiaotong and Minden, Victor and Nelson, Bradley and Tibshirani, Robert and Saunders, Michael},
  journal={arXiv preprint arXiv:1705.10865},
  year={2017}
}

@inproceedings{asteris2016simple,
  title={A simple and provable algorithm for sparse diagonal CCA},
  author={Asteris, Megasthenis and Kyrillidis, Anastasios and Koyejo, Oluwasanmi and Poldrack, Russell},
  booktitle={International Conference on Machine Learning},
  pages={1148--1157},
  year={2016},
  organization={PMLR}
}

@inproceedings{wang2015deep,
  title={On deep multi-view representation learning},
  author={Wang, Weiran and Arora, Raman and Livescu, Karen and Bilmes, Jeff},
  booktitle={International conference on machine learning},
  pages={1083--1092},
  year={2015},
  organization={PMLR}
}

@article{wang2016deep,
  title={Deep variational canonical correlation analysis},
  author={Wang, Weiran and Yan, Xinchen and Lee, Honglak and Livescu, Karen},
  journal={arXiv preprint arXiv:1610.03454},
  year={2016}
}

@article{wang2007variational,
  title={Variational Bayesian approach to canonical correlation analysis},
  author={Wang, Chong},
  journal={IEEE Transactions on Neural Networks},
  volume={18},
  number={3},
  pages={905--910},
  year={2007},
  publisher={IEEE},
  doi={10.1109/tnn.2007.891186}
}

@article{wong2021deep,
  title={Deep Tensor CCA for Multi-view Learning},
  author={Wong, Hok Shing and Wang, Li and Chan, Raymond and Zeng, Tieyong},
  journal={IEEE Transactions on Big Data},
  year={2021},
  publisher={IEEE}
}

@InProceedings{Arora12,
  author={Arora, Raman and Cotter, Andrew and Livescu, Karen and Srebro, Nathan},
  booktitle={2012 50th Annual Allerton Conference on Communication, Control, and Computing (Allerton)}, 
  title={Stochastic optimization for PCA and PLS}, 
  year={2012},
  volume={},
  number={},
  pages={861-868},
  doi={10.1109/Allerton.2012.6483308}
  }


@misc{arora2018,
      title={Stochastic Approximation for Canonical Correlation Analysis}, 
      author={Raman Arora and Teodor V. Marinov and Poorya Mianjy and Nathan Srebro},
      year={2018},
      eprint={1702.06818},
      archivePrefix={arXiv},
      primaryClass={cs.LG}
}
@article{gemp20,
  author    = {Ian M. Gemp and
               Brian McWilliams and
               Claire Vernade and
               Thore Graepel},
  title     = {EigenGame: {PCA} as a Nash Equilibrium},
  journal   = {CoRR},
  volume    = {abs/2010.00554},
  year      = {2020},
  url       = {https://arxiv.org/abs/2010.00554},
  eprinttype = {arXiv},
  eprint    = {2010.00554},
  timestamp = {Mon, 12 Oct 2020 17:53:10 +0200},
  biburl    = {https://dblp.org/rec/journals/corr/abs-2010-00554.bib},
  bibsource = {dblp computer science bibliography, https://dblp.org}
}

@misc{gemp2021,
      title={EigenGame Unloaded: When playing games is better than optimizing}, 
      author={Ian Gemp and Brian McWilliams and Claire Vernade and Thore Graepel},
      year={2021},
      eprint={2102.04152},
      archivePrefix={arXiv},
      primaryClass={stat.ML}
}

@incollection{Wold1973,
title = {Nonlinear Iterative Partial Least Squares (NIPALS) Modelling: Some Current Developments},
editor = {PARUCHURI R. KRISHNAIAH},
booktitle = {Multivariate Analysisâ€“III},
publisher = {Academic Press},
pages = {383-407},
year = {1973},
isbn = {978-0-12-426653-7},
doi = {https://doi.org/10.1016/B978-0-12-426653-7.50032-6},
url = {https://www.sciencedirect.com/science/article/pii/B9780124266537500326},
author = {Herman Wold},
abstract = {Publisher Summary
This chapter focuses on the potential use of the NIPALS approach in the recent many-faceted development of path models in the social sciences. Three general types of models are considered, denoted L, L*, and L**, and are distinguished by which categories of the explanatory variables are directly or indirectly observed. The models have a background in two central lines of evolution in econometrics and the behavioral sciences. In another perspective of multivariate analysis, the models belong under two broad lines of evolutionâ€”from high degrees of information in the modelling to lower degrees of information. In the social sciences in the past, there has been a forceful development of causal model building by the use of path models. A new and most significant feature is that econometric methods have been incorporated in the modelling, a merger that brings together widely different lines of evolution and thereby opens up new vistas and broadens the scope of the approach. The chapter explores these developments from the point of view of NIPALS modelling. The chapter reviews causal flow models in econometrics and the behavioral sciences.}
}

@article{Worsley2005,
author = {Worsley, Keith and Chen, Jen-I and Lerch, Jason and Evans, Alan},
year = {2005},
month = {06},
pages = {913-20},
title = {Comparing connectivity via thresholding correlations and SVD},
volume = {360},
journal = {Philosophical transactions of the Royal Society of London. Series B, Biological sciences},
doi = {10.1098/rstb.2005.1637}
}

@inproceedings{chen2019constrained,
  title={On constrained nonconvex stochastic optimization: A case study for generalized eigenvalue decomposition},
  author={Chen, Zhehui and Li, Xingguo and Yang, Lin and Haupt, Jarvis and Zhao, Tuo},
  booktitle={The 22nd International Conference on Artificial Intelligence and Statistics},
  pages={916--925},
  year={2019},
  organization={PMLR}
}

@article{zbontar2021barlow,
  title={Barlow twins: Self-supervised learning via redundancy reduction},
  author={Zbontar, Jure and Jing, Li and Misra, Ishan and LeCun, Yann and Deny, St{\'e}phane},
  journal={arXiv preprint arXiv:2103.03230},
  year={2021}
}

@article{lecun1998mnist,
  title={The MNIST database of handwritten digits},
  author={LeCun, Yann},
  journal={http://yann. lecun. com/exdb/mnist/},
  year={1998}
}

@article{westbury1990x,
  title={X-ray microbeam speech production database},
  author={Westbury, John and Milenkovic, Paul and Weismer, Gary and Kent, Raymond},
  journal={The Journal of the Acoustical Society of America},
  volume={88},
  number={S1},
  pages={S56--S56},
  year={1990},
  publisher={Acoustical Society of America}
}

@article{Hansen2021,
author = {Hansen, Justine and Markello, Ross and Vogel, Jacob and Seidlitz, Jakob and Bzdok, Danilo and Misic, Bratislav},
year = {2021},
month = {09},
pages = {1-11},
title = {Mapping gene transcription and neurocognition across human neocortex},
volume = {5},
journal = {Nature Human Behaviour},
doi = {10.1038/s41562-021-01082-z}
}

@article{Krishnan2011,
author = {Krishnan, Anjali and Williams, Lynne and McIntosh, Anthony and Abdi, HervÃ©},
year = {2011},
month = {05},
pages = {455-75},
title = {Partial Least Squares (PLS) Methods for Neuroimaging: A Tutorial and Review},
volume = {56},
journal = {NeuroImage},
doi = {10.1016/j.neuroimage.2010.07.034}
}

@article{cassel2000measurement,
  title={On measurement of intangible assets: a study of robustness of partial least squares},
  author={Cassel, Claes M and Hackl, Peter and Westlund, Anders H},
  journal={Total Quality Management},
  volume={11},
  number={7},
  pages={897--907},
  year={2000},
  publisher={Taylor \& Francis}
}

@software{deepmind2020jax,
  title = {The {D}eep{M}ind {JAX} {E}cosystem},
  author = {Babuschkin, Igor and Baumli, Kate and Bell, Alison and Bhupatiraju, Surya and Bruce, Jake and Buchlovsky, Peter and Budden, David and Cai, Trevor and Clark, Aidan and Danihelka, Ivo and Fantacci, Claudio and Godwin, Jonathan and Jones, Chris and Hennigan, Tom and Hessel, Matteo and Kapturowski, Steven and Keck, Thomas and Kemaev, Iurii and King, Michael and Martens, Lena and Mikulik, Vladimir and Norman, Tamara and Quan, John and Papamakarios, George and Ring, Roman and Ruiz, Francisco and Sanchez, Alvaro and Schneider, Rosalia and Sezener, Eren and Spencer, Stephen and Srinivasan, Srivatsan and Stokowiec, Wojciech and Viola, Fabio},
  url = {http://github.com/deepmind},
  year = {2020},
}

@software{optax2020github,
  author = {Matteo Hessel and David Budden and Fabio Viola and Mihaela Rosca
            and Eren Sezener and Tom Hennigan},
  title = {Optax: composable gradient transformation and optimisation, in JAX!},
  url = {http://github.com/deepmind/optax},
  version = {0.0.1},
  year = {2020},
}

@article{witten2009extensions,
  title={Extensions of sparse canonical correlation analysis with applications to genomic data},
  author={Witten, Daniela M and Tibshirani, Robert J},
  journal={Statistical applications in genetics and molecular biology},
  volume={8},
  number={1},
  year={2009},
  publisher={De Gruyter}
}

@book{anderson1999lapack,
  title={LAPACK Users' guide},
  author={Anderson, Edward and Bai, Zhaojun and Bischof, Christian and Blackford, L Susan and Demmel, James and Dongarra, Jack and Du Croz, Jeremy and Greenbaum, Anne and Hammarling, Sven and McKenney, Alan and others},
  year={1999},
  publisher={SIAM}
}

@article{harris2020array,
  title={Array programming with NumPy},
  author={Harris, Charles R and Millman, K Jarrod and van der Walt, St{\'e}fan J and Gommers, Ralf and Virtanen, Pauli and Cournapeau, David and Wieser, Eric and Taylor, Julian and Berg, Sebastian and Smith, Nathaniel J and others},
  journal={Nature},
  volume={585},
  number={7825},
  pages={357--362},
  year={2020},
  publisher={Nature Publishing Group}
}

@book{wold1968nonlinear,
  title={Nonlinear Estimation by Iterative Least Square Procedures},
  author={Wold, H.O.A.},
  url={https://books.google.co.uk/books?id=hGZ3uAAACAAJ},
  year={1968}
}

@inproceedings{chang2018scalable,
  title={Scalable and effective deep CCA via soft decorrelation},
  author={Chang, Xiaobin and Xiang, Tao and Hospedales, Timothy M},
  booktitle={Proceedings of the IEEE Conference on Computer Vision and Pattern Recognition},
  pages={1488--1497},
  year={2018}
}

@article{sanger1989optimal,
  title={Optimal unsupervised learning in a single-layer linear feedforward neural network},
  author={Sanger, Terence D},
  journal={Neural networks},
  volume={2},
  number={6},
  pages={459--473},
  year={1989},
  publisher={Elsevier}
}

@article{lyu2021latent,
  title={Latent Correlation-Based Multiview Learning and Self-Supervision: A Unifying Perspective},
  author={Lyu, Qi and Fu, Xiao and Wang, Weiran and Lu, Songtao},
  journal={arXiv preprint arXiv:2106.07115},
  year={2021}
}

@article{hardoon2011sparse,
  title={Sparse canonical correlation analysis},
  author={Hardoon, David R and Shawe-Taylor, John},
  journal={Machine Learning},
  volume={83},
  number={3},
  pages={331--353},
  year={2011},
  publisher={Springer}
}

@article{parkhomenko2009sparse,
  title={Sparse canonical correlation analysis with application to genomic data integration},
  author={Parkhomenko, Elena and Tritchler, David and Beyene, Joseph},
  journal={Statistical applications in genetics and molecular biology},
  volume={8},
  number={1},
  year={2009},
  publisher={De Gruyter}
}

@article{tang2019exponentially,
  title={Exponentially convergent stochastic k-PCA without variance reduction},
  author={Tang, Cheng},
  journal={arXiv preprint arXiv:1904.01750},
  year={2019}
}

@inproceedings{andrew2013deep,
  title={Deep canonical correlation analysis},
  author={Andrew, Galen and Arora, Raman and Bilmes, Jeff and Livescu, Karen},
  booktitle={International conference on machine learning},
  pages={1247--1255},
  year={2013},
  organization={PMLR}
}

@article{Chapman2021,
  doi = {10.21105/joss.03823},
  url = {https://doi.org/10.21105/joss.03823},
  year = {2021},
  publisher = {The Open Journal},
  volume = {6},
  number = {68},
  pages = {3823},
  author = {James Chapman and Hao-Ting Wang},
  title = {CCA-Zoo: A collection of Regularized, Deep Learning based, Kernel, and Probabilistic CCA methods in a scikit-learn style framework},
  journal = {Journal of Open Source Software}
}

@article{altmannpartial,
  title={Partial Least Squares provides a whole-genome whole-brain imaging genetics approach},
  author={Altmann, Andre and Jahanshad, Neda and Thompson, Paul M and Lorenzi, Marco}
}

@article{Ferreira2021,
      title={A hierarchical Bayesian model to find brain-behaviour associations in incomplete data sets}, 
      author={Fabio S. Ferreira, Agoston Mihalik, Rick A. Adams, John Ashburner, Janaina Mourao-Miranda},
      year={2022},
      journal = {NeuroImage}
}

@article{michel2011total,
  title={Total variation regularization for fMRI-based prediction of behavior},
  author={Michel, Vincent and Gramfort, Alexandre and Varoquaux, Ga{\"e}l and Eger, Evelyn and Thirion, Bertrand},
  journal={IEEE transactions on medical imaging},
  volume={30},
  number={7},
  pages={1328--1340},
  year={2011},
  publisher={IEEE}
}

@article{devlin2018bert,
  title={Bert: Pre-training of deep bidirectional transformers for language understanding},
  author={Devlin, Jacob and Chang, Ming-Wei and Lee, Kenton and Toutanova, Kristina},
  journal={arXiv preprint arXiv:1810.04805},
  year={2018}
}

@article{brown2020language,
  title={Language models are few-shot learners},
  author={Brown, Tom and Mann, Benjamin and Ryder, Nick and Subbiah, Melanie and Kaplan, Jared D and Dhariwal, Prafulla and Neelakantan, Arvind and Shyam, Pranav and Sastry, Girish and Askell, Amanda and others},
  journal={Advances in neural information processing systems},
  volume={33},
  pages={1877--1901},
  year={2020}
}

@article{wang2023multitask,
  title={Multitask joint strategies of self-supervised representation learning on biomedical networks for drug discovery},
  author={Wang, Xiaoqi and Cheng, Yingjie and Yang, Yaning and Yu, Yue and Li, Fei and Peng, Shaoliang},
  journal={Nature Machine Intelligence},
  volume={5},
  number={4},
  pages={445--456},
  year={2023},
  publisher={Nature Publishing Group UK London}
}

@incollection{serra2019multiview,
  title={Multiview learning in biomedical applications},
  author={Serra, Angela and Galdi, Paola and Tagliaferri, Roberto},
  booktitle={Artificial Intelligence in the Age of Neural Networks and Brain Computing},
  pages={265--280},
  year={2019},
  publisher={Elsevier}
}

@article{krishnan2022self,
  title={Self-supervised learning in medicine and healthcare},
  author={Krishnan, Rayan and Rajpurkar, Pranav and Topol, Eric J},
  journal={Nature Biomedical Engineering},
  pages={1--7},
  year={2022},
  publisher={Nature Publishing Group UK London}
}

@article{xu2019towards,
  title={Towards practical alternating least-squares for CCA},
  author={Xu, Zhiqiang and Li, Ping},
  journal={Advances in Neural Information Processing Systems},
  volume={32},
  year={2019}
}

@inproceedings{ma2015finding,
  title={Finding linear structure in large datasets with scalable canonical correlation analysis},
  author={Ma, Zhuang and Lu, Yichao and Foster, Dean},
  booktitle={International conference on machine learning},
  pages={169--178},
  year={2015},
  organization={PMLR}
}

@article{gao2019stochastic,
  title={Stochastic Canonical Correlation Analysis.},
  author={Gao, Chao and Garber, Dan and Srebro, Nathan and Wang, Jialei and Wang, Weiran},
  journal={J. Mach. Learn. Res.},
  volume={20},
  pages={167--1},
  year={2019}
}

@article{arora2017stochastic,
  title={Stochastic approximation for canonical correlation analysis},
  author={Arora, Raman and Marinov, Teodor Vanislavov and Mianjy, Poorya and Srebro, Nati},
  journal={Advances in Neural Information Processing Systems},
  volume={30},
  year={2017}
}

@inproceedings{arora2016stochastic,
  title={Stochastic optimization for multiview representation learning using partial least squares},
  author={Arora, Raman and Mianjy, Poorya and Marinov, Teodor},
  booktitle={International Conference on Machine Learning},
  pages={1786--1794},
  year={2016},
  organization={PMLR}
}

@inproceedings{chang2018scalable,
  title={Scalable and effective deep CCA via soft decorrelation},
  author={Chang, Xiaobin and Xiang, Tao and Hospedales, Timothy M},
  booktitle={Proceedings of the IEEE Conference on Computer Vision and Pattern Recognition},
  pages={1488--1497},
  year={2018}
}

@inproceedings{wang2015stochastic,
  title={Stochastic optimization for deep CCA via nonlinear orthogonal iterations},
  author={Wang, Weiran and Arora, Raman and Livescu, Karen and Srebro, Nathan},
  booktitle={2015 53rd Annual Allerton Conference on Communication, Control, and Computing (Allerton)},
  pages={688--695},
  year={2015},
  organization={IEEE}
}

@article{galton1907vox,
  title={Vox populi (the wisdom of crowds)},
  author={Galton, Francis},
  journal={Nature},
  volume={75},
  number={7},
  pages={450--451},
  year={1907}
}

@article{kanatsoulis2018structured,
  title={Structured SUMCOR multiview canonical correlation analysis for large-scale data},
  author={Kanatsoulis, Charilaos I and Fu, Xiao and Sidiropoulos, Nicholas D and Hong, Mingyi},
  journal={IEEE Transactions on Signal Processing},
  volume={67},
  number={2},
  pages={306--319},
  year={2018},
  publisher={IEEE}
}

@inproceedings{fu2017scalable,
  title={Scalable and flexible Max-Var generalized canonical correlation analysis via alternating optimization},
  author={Fu, Xiao and Huang, Kejun and Hong, Mingyi and Sidiropoulos, Nicholas D and So, Anthony Man-Cho},
  booktitle={2017 IEEE International Conference on Acoustics, Speech and Signal Processing (ICASSP)},
  pages={5855--5859},
  year={2017},
  organization={IEEE}
}

@inproceedings{fern2005correlation,
  title={Correlation clustering for learning mixtures of canonical correlation models},
  author={Fern, Xiaoli Z and Brodley, Carla E and Friedl, Mark A},
  booktitle={Proceedings of the 2005 SIAM International Conference on Data Mining},
  pages={439--448},
  year={2005},
  organization={SIAM}
}

@inproceedings{arora2012stochastic,
  title={Stochastic optimization for PCA and PLS},
  author={Arora, Raman and Cotter, Andrew and Livescu, Karen and Srebro, Nathan},
  booktitle={2012 50th Annual Allerton Conference on Communication, Control, and Computing (Allerton)},
  pages={861--868},
  year={2012},
  organization={IEEE}
}

@article{arora2017stochastic,
  title={Stochastic approximation for canonical correlation analysis},
  author={Arora, Raman and Marinov, Teodor Vanislavov and Mianjy, Poorya and Srebro, Nati},
  journal={Advances in Neural Information Processing Systems},
  volume={30},
  year={2017}
}

@inproceedings{szedmak2007metamorphosis,
  title={A metamorphosis of Canonical Correlation Analysis into multivariate maximum margin learning.},
  author={Szedmak, Sandor and De Bie, Tijl and Hardoon, David R},
  booktitle={ESANN},
  pages={211--216},
  year={2007}
}

@article{luo2015tensor,
  title={Tensor canonical correlation analysis for multi-view dimension reduction},
  author={Luo, Yong and Tao, Dacheng and Ramamohanarao, Kotagiri and Xu, Chao and Wen, Yonggang},
  journal={IEEE transactions on Knowledge and Data Engineering},
  volume={27},
  number={11},
  pages={3111--3124},
  year={2015},
  publisher={IEEE}
}

@article{wenwen2018sparse,
  title={Sparse Weighted Canonical Correlation Analysis},
  author={Wenwen, MIN and Juan, LIU and Zhang, Shihua},
  journal={Chinese Journal of Electronics},
  volume={27},
  number={3},
  pages={459--466},
  year={2018},
  publisher={IET}
}

@article{chu2013sparse,
  title={Sparse kernel canonical correlation analysis},
  author={Chu, Delin and Liao, Li Zhi and Ng, Michael K and Zhang, Xiaowei},
  journal={Lecture Notes in Engineering and Computer Science},
  year={2013},
  publisher={Newswood Ltd. The Conference Proceedings' web site is located at http://www~â€¦}
}

@inproceedings{uurtio2019large,
  title={Large-scale sparse kernel canonical correlation analysis},
  author={Uurtio, Viivi and Bhadra, Sahely and Rousu, Juho},
  booktitle={International Conference on Machine Learning},
  pages={6383--6391},
  year={2019},
  organization={PMLR}
}

@article{yoshida2017sparse,
  title={Sparse kernel canonical correlation analysis for discovery of nonlinear interactions in high-dimensional data},
  author={Yoshida, Kosuke and Yoshimoto, Junichiro and Doya, Kenji},
  journal={BMC bioinformatics},
  volume={18},
  number={1},
  pages={1--11},
  year={2017},
  publisher={Springer}
}

@article{zbontar2021barlow,
  title={Barlow twins: Self-supervised learning via redundancy reduction},
  author={Zbontar, Jure and Jing, Li and Misra, Ishan and LeCun, Yann and Deny, St{\'e}phane},
  journal={arXiv preprint arXiv:2103.03230},
  year={2021}
}

@inproceedings{wang2015stochastic,
  title={Stochastic optimization for deep CCA via nonlinear orthogonal iterations},
  author={Wang, Weiran and Arora, Raman and Livescu, Karen and Srebro, Nathan},
  booktitle={2015 53rd Annual Allerton Conference on Communication, Control, and Computing (Allerton)},
  pages={688--695},
  year={2015},
  organization={IEEE}
}


@book{adams1995hitchhiker,
  title={The Hitchhiker's Guide to the Galaxy},
  author={Adams, D.},
  isbn={9781417642595},
  url={http://books.google.com/books?id=W-xMPgAACAAJ},
  year={1995},
  publisher={San Val}
}

@article{mentalhealthstats,
  title={Mental health statistics: economic and social costs},
  author={Mental Health Foundation},
  url={https://www.mentalhealth.org.uk/statistics/mental-health-statistics-economic-and-social-costs},
  year={2020},
}

@article{mind,
  title={Mental health statistics: economic and social costs},
  author={Mind},
  url={https://www.mind.org.uk/information-support/types-of-mental-health-problems/statistics-and-facts-about-mental-health/how-common-are-mental-health-problems/},
  year={2020},
}

@article{nhs,
  title={No health without
mental health: A crossGovernment mental health
outcomes strategy for
people of all ages},
  author={Department of Health},
  url={https://assets.publishing.service.gov.uk/government/uploads/system/uploads/attachment_data/file/215808/dh_123993.pdf},
  year={2020},
}

@article{andrews2001prevalence,
  title={Prevalence, comorbidity, disability and service utilisation: Overview of the Australian National Mental Health Survey},
  author={Andrews, Gavin and Henderson, Scott and Hall, Wayne},
  journal={The British Journal of Psychiatry},
  volume={178},
  number={2},
  pages={145--153},
  year={2001},
  publisher={Cambridge University Press}
}

https://assets.publishing.service.gov.uk/government/uploads/system/uploads/attachment_data/file/215808/dh_123993.pdf

@article{lykou2010sparse,
  title={Sparse CCA using a Lasso with positivity constraints},
  author={Lykou, Anastasia and Whittaker, Joe},
  journal={Computational Statistics \& Data Analysis},
  volume={54},
  number={12},
  pages={3144--3157},
  year={2010},
  publisher={Elsevier}
}

@book{venkatg,
  title={Computer Science Theory for the Information Age},
  author={Venkatesan Guruswami},
  year={2012},
}

@article{vinod1978survey,
  title={A survey of ridge regression and related techniques for improvements over ordinary least squares},
  author={Vinod, Hrishikesh D},
  journal={The Review of Economics and Statistics},
  pages={121--131},
  year={1978},
  publisher={JSTOR}
}

@article{branco2005robust,
  title={Robust canonical correlations: A comparative study},
  author={Branco, Joao A and Croux, Christophe and Filzmoser, Peter and Oliveira, Maria Rosario},
  journal={Computational Statistics},
  volume={20},
  number={2},
  pages={203--229},
  year={2005},
  publisher={Springer}
}

@article{parkhomenko2009sparse,
  title={Sparse canonical correlation analysis with application to genomic data integration},
  author={Parkhomenko, Elena and Tritchler, David and Beyene, Joseph},
  journal={Statistical applications in genetics and molecular biology},
  volume={8},
  number={1},
  pages={1--34},
  year={2009},
  publisher={De Gruyter}
}

@article{monteiro2016multiple,
  title={A multiple hold-out framework for Sparse Partial Least Squares},
  author={Monteiro, Jo{\~a}o M and Rao, Anil and Shawe-Taylor, John and Mour{\~a}o-Miranda, Janaina and Alzheimer's Disease Initiative and others},
  journal={Journal of neuroscience methods},
  volume={271},
  pages={182--194},
  year={2016},
  publisher={Elsevier}
}

@inproceedings{andrew2013deep,
  title={Deep canonical correlation analysis},
  author={Andrew, Galen and Arora, Raman and Bilmes, Jeff and Livescu, Karen},
  booktitle={International conference on machine learning},
  pages={1247--1255},
  year={2013}
}

@article{han2000mining,
  title={Mining frequent patterns without candidate generation},
  author={Han, Jiawei and Pei, Jian and Yin, Yiwen},
  journal={ACM sigmod record},
  volume={29},
  number={2},
  pages={1--12},
  year={2000},
  publisher={ACM New York, NY, USA}
}

@inproceedings{agrawal1993mining,
  title={Mining association rules between sets of items in large databases},
  author={Agrawal, Rakesh and Imieli{\'n}ski, Tomasz and Swami, Arun},
  booktitle={Proceedings of the 1993 ACM SIGMOD international conference on Management of data},
  pages={207--216},
  year={1993}
}

@article{mueller2005ways,
  title={Ways toward an early diagnosis in Alzheimerâ€™s disease: the Alzheimerâ€™s Disease Neuroimaging Initiative (ADNI)},
  author={Mueller, Susanne G and Weiner, Michael W and Thal, Leon J and Petersen, Ronald C and Jack, Clifford R and Jagust, William and Trojanowski, John Q and Toga, Arthur W and Beckett, Laurel},
  journal={Alzheimer's \& Dementia},
  volume={1},
  number={1},
  pages={55--66},
  year={2005},
  publisher={Elsevier}
}

@article{somerville2018lifespan,
  title={The Lifespan Human Connectome Project in Development: A large-scale study of brain connectivity development in 5--21 year olds},
  author={Somerville, Leah H and Bookheimer, Susan Y and Buckner, Randy L and Burgess, Gregory C and Curtiss, Sandra W and Dapretto, Mirella and Elam, Jennifer Stine and Gaffrey, Michael S and Harms, Michael P and Hodge, Cynthia and others},
  journal={NeuroImage},
  volume={183},
  pages={456--468},
  year={2018},
  publisher={Elsevier}
}

@article{van2013wu,
  title={The WU-Minn human connectome project: an overview},
  author={Van Essen, David C and Smith, Stephen M and Barch, Deanna M and Behrens, Timothy EJ and Yacoub, Essa and Ugurbil, Kamil and Wu-Minn HCP Consortium and others},
  journal={Neuroimage},
  volume={80},
  pages={62--79},
  year={2013},
  publisher={Elsevier}
}

@article{biobank2014uk,
  title={About UK Biobank},
  author={Biobank, UK},
  journal={Available at h ttps://www. ukbiobank. ac. uk/a bout-biobank-uk},
  year={2014}
}

@article{smith2013prevalence,
  title={Prevalence and characteristics of probable major depression and bipolar disorder within UK biobank: cross-sectional study of 172,751 participants},
  author={Smith, Daniel J and Nicholl, Barbara I and Breda Cullen, Daniel Martin and Ul-Haq, Zia and Evans, Jonathan and Gill, Jason MR and Roberts, Beverly and Gallacher, John and Mackay, Daniel and Hotopf, Matthew and others},
  journal={PloS one},
  volume={8},
  number={11},
  year={2013},
  publisher={Public Library of Science}
}

@article{sarraf2016deepad,
  title={DeepAD: Alzheimerâ€™s disease classification via deep convolutional neural networks using MRI and fMRI},
  author={Sarraf, Saman and Tofighi, Ghassem and Alzheimerâ€™s Disease Neuroimaging Initiative and others},
  journal={BioRxiv},
  pages={070441},
  year={2016},
  publisher={Cold Spring Harbor Laboratory}
}

@article{uurtio2017tutorial,
  title={A tutorial on canonical correlation methods},
  author={Uurtio, Viivi and Monteiro, Jo{\~a}o M and Kandola, Jaz and Shawe-Taylor, John and Fernandez-Reyes, Delmiro and Rousu, Juho},
  journal={ACM Computing Surveys (CSUR)},
  volume={50},
  number={6},
  pages={1--33},
  year={2017},
  publisher={ACM New York, NY, USA}
}

@article{li2018survey,
  title={A survey of multi-view representation learning},
  author={Li, Yingming and Yang, Ming and Zhang, Zhongfei},
  journal={IEEE transactions on knowledge and data engineering},
  volume={31},
  number={10},
  pages={1863--1883},
  year={2018},
  publisher={IEEE}
}

@article{wang2018finding,
  title={Finding the needle in high-dimensional haystack: A tutorial on canonical correlation analysis},
  author={Wang, Hao-Ting and Smallwood, Jonathan and Mourao-Miranda, Janaina and Xia, Cedric Huchuan and Satterthwaite, Theodore D and Bassett, Danielle S and Bzdok, Danilo},
  journal={arXiv preprint arXiv:1812.02598},
  year={2018}
}

@article{DBLP:journals/corr/abs-1304-5634,
  author    = {Chang Xu and
               Dacheng Tao and
               Chao Xu},
  title     = {A Survey on Multi-view Learning},
  journal   = {CoRR},
  volume    = {abs/1304.5634},
  year      = {2013},
  url       = {http://arxiv.org/abs/1304.5634},
  archivePrefix = {arXiv},
  eprint    = {1304.5634},
  timestamp = {Mon, 13 Aug 2018 16:47:19 +0200},
  biburl    = {https://dblp.org/rec/journals/corr/abs-1304-5634.bib},
  bibsource = {dblp computer science bibliography, https://dblp.org}
}

@article{zhao2017multi,
  title={Multi-view learning overview: Recent progress and new challenges},
  author={Zhao, Jing and Xie, Xijiong and Xu, Xin and Sun, Shiliang},
  journal={Information Fusion},
  volume={38},
  pages={43--54},
  year={2017},
  publisher={Elsevier}
}

@article{hotelling1935canonical,
  title={Canonical correlation analysis (cca)},
  author={Hotelling, Harold},
  journal={Journal of Educational Psychology},
  pages={10},
  year={1935}
}

@article{mihalik2019brain,
  title={Brain-behaviour modes of covariation in healthy and clinically depressed young people},
  author={Mihalik, Agoston and Ferreira, Fabio S and Rosa, Maria J and Moutoussis, Michael and Ziegler, Gabriel and Monteiro, Joao M and Portugal, Liana and Adams, Rick A and Romero-Garcia, Rafael and V{\'e}rtes, Petra E and others},
  journal={Scientific reports},
  volume={9},
  number={1},
  pages={1--11},
  year={2019},
  publisher={Nature Publishing Group}
}

@article{smith2015positive,
  title={A positive-negative mode of population covariation links brain connectivity, demographics and behavior},
  author={Smith, Stephen M and Nichols, Thomas E and Vidaurre, Diego and Winkler, Anderson M and Behrens, Timothy EJ and Glasser, Matthew F and Ugurbil, Kamil and Barch, Deanna M and Van Essen, David C and Miller, Karla L},
  journal={Nature neuroscience},
  volume={18},
  number={11},
  pages={1565},
  year={2015},
  publisher={Nature Publishing Group}
}

@article{zhu2016canonical,
  title={Canonical feature selection for joint regression and multi-class identification in Alzheimerâ€™s disease diagnosis},
  author={Zhu, Xiaofeng and Suk, Heung-Il and Lee, Seong-Whan and Shen, Dinggang},
  journal={Brain imaging and behavior},
  volume={10},
  number={3},
  pages={818--828},
  year={2016},
  publisher={Springer}
}

@incollection{golub1995canonical,
  title={The canonical correlations of matrix pairs and their numerical computation},
  author={Golub, Gene H and Zha, Hongyuan},
  booktitle={Linear algebra for signal processing},
  pages={27--49},
  year={1995},
  publisher={Springer}
}

@article{tutz2016regularized,
  title={Regularized regression for categorical data},
  author={Tutz, Gerhard and Gertheiss, Jan},
  journal={Statistical Modelling},
  volume={16},
  number={3},
  pages={161--200},
  year={2016},
  publisher={Sage Publications Sage India: New Delhi, India}
}

@inproceedings{wang2015stochastic,
  title={Stochastic optimization for deep CCA via nonlinear orthogonal iterations},
  author={Wang, Weiran and Arora, Raman and Livescu, Karen and Srebro, Nathan},
  booktitle={2015 53rd Annual Allerton Conference on Communication, Control, and Computing (Allerton)},
  pages={688--695},
  year={2015},
  organization={IEEE}
}

@article{mai2019iterative,
  title={An iterative penalized least squares approach to sparse canonical correlation analysis},
  author={Mai, Qing and Zhang, Xin},
  journal={Biometrics},
  volume={75},
  number={3},
  pages={734--744},
  year={2019},
  publisher={Wiley Online Library}
}

@article{lauterbur1973image,
  title={Image formation by induced local interactions: examples employing nuclear magnetic resonance},
  author={Lauterbur, Paul C},
  journal={nature},
  volume={242},
  number={5394},
  pages={190--191},
  year={1973},
  publisher={Nature Publishing Group}
}

@article{mansfield1977medical,
  title={Medical imaging by NMR},
  author={Mansfield, Peter and Maudsley, Andrew A},
  journal={The British journal of radiology},
  volume={50},
  number={591},
  pages={188--194},
  year={1977},
  publisher={The British Institute of Radiology}
}

@article{barch2013function,
  title={Function in the human connectome: task-fMRI and individual differences in behavior},
  author={Barch, Deanna M and Burgess, Gregory C and Harms, Michael P and Petersen, Steven E and Schlaggar, Bradley L and Corbetta, Maurizio and Glasser, Matthew F and Curtiss, Sandra and Dixit, Sachin and Feldt, Cindy and others},
  journal={Neuroimage},
  volume={80},
  pages={169--189},
  year={2013},
  publisher={Elsevier}
}

@article{van2010exploring,
  title={Exploring the brain network: a review on resting-state fMRI functional connectivity},
  author={Van Den Heuvel, Martijn P and Pol, Hilleke E Hulshoff},
  journal={European neuropsychopharmacology},
  volume={20},
  number={8},
  pages={519--534},
  year={2010},
  publisher={Elsevier}
}

@article{koch2012diagnostic,
  title={Diagnostic power of default mode network resting state fMRI in the detection of Alzheimer's disease},
  author={Koch, Walter and Teipel, Stephan and Mueller, Sophia and Benninghoff, Jens and Wagner, Maxmilian and Bokde, Arun LW and Hampel, Harald and Coates, Ute and Reiser, Maximilian and Meindl, Thomas},
  journal={Neurobiology of aging},
  volume={33},
  number={3},
  pages={466--478},
  year={2012},
  publisher={Elsevier}
}

@article{tournier2004direct,
  title={Direct estimation of the fiber orientation density function from diffusion-weighted MRI data using spherical deconvolution},
  author={Tournier, J-Donald and Calamante, Fernando and Gadian, David G and Connelly, Alan},
  journal={Neuroimage},
  volume={23},
  number={3},
  pages={1176--1185},
  year={2004},
  publisher={Elsevier}
}

@inproceedings{dhillon2011multi,
  title={Multi-view learning of word embeddings via cca},
  author={Dhillon, Paramveer and Foster, Dean P and Ungar, Lyle H},
  booktitle={Advances in neural information processing systems},
  pages={199--207},
  year={2011}
}

@article {Dinga2020.08.17.255034,
	author = {Dinga, Richard and Schmaal, Lianne and Penninx, Brenda WJH and Veltman, Dick J and Marquand, Andre F},
	title = {Controlling for effects of confounding variables on machine learning predictions},
	elocation-id = {2020.08.17.255034},
	year = {2020},
	doi = {10.1101/2020.08.17.255034},
	publisher = {Cold Spring Harbor Laboratory},
	abstract = {Machine learning predictive models are being used in neuroimaging to predict information about the task or stimuli or to identify potentially clinically useful biomarkers. However, the predictions can be driven by confounding variables unrelated to the signal of interest, such as scanner effect or head motion, limiting the clinical usefulness and interpretation of machine learning models. The most common method to control for confounding effects is regressing out the confounding variables separately from each input variable before machine learning modeling. However, we show that this method is insufficient because machine learning models can learn information from the data that cannot be regressed out. Instead of regressing out confounding effects from each input variable, we propose controlling for confounds post-hoc on the level of machine learning predictions. This allows partitioning of the predictive performance into the performance that can be explained by confounds and performance independent of confounds. This approach is flexible and allows for parametric and non-parametric confound adjustment. We show in real and simulated data that this method correctly controls for confounding effects even when traditional input variable adjustment produces false-positive findings.Competing Interest StatementThe authors have declared no competing interest.},
	URL = {https://www.biorxiv.org/content/early/2020/08/18/2020.08.17.255034},
	eprint = {https://www.biorxiv.org/content/early/2020/08/18/2020.08.17.255034.full.pdf},
	journal = {bioRxiv}
}

@article{ratto2018girls,
  title={What about the girls? Sex-based differences in autistic traits and adaptive skills},
  author={Ratto, Allison B and Kenworthy, Lauren and Yerys, Benjamin E and Bascom, Julia and Wieckowski, Andrea Trubanova and White, Susan W and Wallace, Gregory L and Pugliese, Cara and Schultz, Robert T and Ollendick, Thomas H and others},
  journal={Journal of autism and developmental disorders},
  volume={48},
  number={5},
  pages={1698--1711},
  year={2018},
  publisher={Springer}
}

@article{NASDiverse,
  title={The challenges for families affected
by autism from Black, Asian and
Minority Ethnic communities},
  author={The National Autistic Society},
  year={2014},
}

@article{jack2008alzheimer,
  title={The Alzheimer's disease neuroimaging initiative (ADNI): MRI methods},
  author={Jack Jr, Clifford R and Bernstein, Matt A and Fox, Nick C and Thompson, Paul and Alexander, Gene and Harvey, Danielle and Borowski, Bret and Britson, Paula J and L. Whitwell, Jennifer and Ward, Chadwick and others},
  journal={Journal of Magnetic Resonance Imaging: An Official Journal of the International Society for Magnetic Resonance in Medicine},
  volume={27},
  number={4},
  pages={685--691},
  year={2008},
  publisher={Wiley Online Library}
}

@inproceedings{sun2008least,
  title={A least squares formulation for canonical correlation analysis},
  author={Sun, Liang and Ji, Shuiwang and Ye, Jieping},
  booktitle={Proceedings of the 25th international conference on Machine learning},
  pages={1024--1031},
  year={2008}
}

@article{via2007learning,
  title={A learning algorithm for adaptive canonical correlation analysis of several data sets},
  author={V{\'\i}a, Javier and Santamar{\'\i}a, Ignacio and P{\'e}rez, Jes{\'u}s},
  journal={Neural Networks},
  volume={20},
  number={1},
  pages={139--152},
  year={2007},
  publisher={Elsevier}
}

@article{witten2009penalized,
  title={A penalized matrix decomposition, with applications to sparse principal components and canonical correlation analysis},
  author={Witten, Daniela M and Tibshirani, Robert and Hastie, Trevor},
  journal={Biostatistics},
  volume={10},
  number={3},
  pages={515--534},
  year={2009},
  publisher={Oxford University Press}
}

@article{witten2009extensions,
  title={Extensions of sparse canonical correlation analysis with applications to genomic data},
  author={Witten, Daniela M and Tibshirani, Robert J},
  journal={Statistical applications in genetics and molecular biology},
  volume={8},
  number={1},
  year={2009},
  publisher={De Gruyter}
}

@article{wang2007variational,
  title={Variational Bayesian approach to canonical correlation analysis},
  author={Wang, Chong},
  journal={IEEE Transactions on Neural Networks},
  volume={18},
  number={3},
  pages={905--910},
  year={2007},
  publisher={IEEE}
}

@article{winkler2020permutation,
  title={Permutation inference for Canonical Correlation Analysis},
  author={Winkler, Anderson M and Renaud, Olivier and Smith, Stephen M and Nichols, Thomas E},
  journal={arXiv preprint arXiv:2002.10046},
  year={2020}
}

@article{winkler2015multi,
  title={Multi-level block permutation},
  author={Winkler, Anderson M and Webster, Matthew A and Vidaurre, Diego and Nichols, Thomas E and Smith, Stephen M},
  journal={Neuroimage},
  volume={123},
  pages={253--268},
  year={2015},
  publisher={Elsevier}
}

@article{wilms2015sparse,
  title={Sparse canonical correlation analysis from a predictive point of view},
  author={Wilms, Ines and Croux, Christophe},
  journal={Biometrical Journal},
  volume={57},
  number={5},
  pages={834--851},
  year={2015},
  publisher={Wiley Online Library}
}

@inproceedings{van2011generalized,
  title={On generalized canonical correlation analysis},
  author={van de Velden, Michel},
  booktitle={Proceedings of the 58th World Statistical Congress},
  pages={758--765},
  year={2011}
}

@article{tenenhaus2014variable,
  title={Variable selection for generalized canonical correlation analysis},
  author={Tenenhaus, Arthur and Philippe, Cathy and Guillemot, Vincent and Le Cao, Kim-Anh and Grill, Jacques and Frouin, Vincent},
  journal={Biostatistics},
  volume={15},
  number={3},
  pages={569--583},
  year={2014},
  publisher={Oxford University Press}
}

@inproceedings{carroll1968generalization,
  title={Generalization of canonical correlation analysis to three or more sets of variables},
  author={Carroll, J Douglas},
  booktitle={Proceedings of the 76th annual convention of the American Psychological Association},
  volume={3},
  pages={227--228},
  year={1968},
  organization={Washington, DC}
}

@article{kettenring1971canonical,
  title={Canonical analysis of several sets of variables},
  author={Kettenring, Jon R},
  journal={Biometrika},
  volume={58},
  number={3},
  pages={433--451},
  year={1971},
  publisher={Oxford University Press}
}

@article{hardoon2004canonical,
  title={Canonical correlation analysis: An overview with application to learning methods},
  author={Hardoon, David R and Szedmak, Sandor and Shawe-Taylor, John},
  journal={Neural computation},
  volume={16},
  number={12},
  pages={2639--2664},
  year={2004},
  publisher={MIT Press}
}

@article{waaijenborg2008quantifying,
  title={Quantifying the association between gene expressions and DNA-markers by penalized canonical correlation analysis},
  author={Waaijenborg, Sandra and de Witt Hamer, Philip C Verselewel and Zwinderman, Aeilko H},
  journal={Statistical applications in genetics and molecular biology},
  volume={7},
  number={1},
  year={2008},
  publisher={De Gruyter}
}

@article{pedregosa2011scikit,
  title={Scikit-learn: Machine learning in Python},
  author={Pedregosa, Fabian and Varoquaux, Ga{\"e}l and Gramfort, Alexandre and Michel, Vincent and Thirion, Bertrand and Grisel, Olivier and Blondel, Mathieu and Prettenhofer, Peter and Weiss, Ron and Dubourg, Vincent and others},
  journal={the Journal of machine Learning research},
  volume={12},
  pages={2825--2830},
  year={2011},
  publisher={JMLR. org}
}

@article{vinod1976canonical,
  title={Canonical ridge and econometrics of joint production},
  author={Vinod, Hrishikesh D},
  journal={Journal of econometrics},
  volume={4},
  number={2},
  pages={147--166},
  year={1976},
  publisher={Elsevier}
}

@article{wold1966estimation,
  title={Estimation of principal components and related models by iterative least squares},
  author={Wold, Herman},
  journal={Multivariate analysis},
  pages={391--420},
  year={1966},
  publisher={Academic press}
}

@inproceedings{rosipal2005overview,
  title={Overview and recent advances in partial least squares},
  author={Rosipal, Roman and Kr{\"a}mer, Nicole},
  booktitle={International Statistical and Optimization Perspectives Workshop" Subspace, Latent Structure and Feature Selection"},
  pages={34--51},
  year={2005},
  organization={Springer}
}

@article{sun2013survey,
  title={A survey of multi-view machine learning},
  author={Sun, Shiliang},
  journal={Neural computing and applications},
  volume={23},
  number={7-8},
  pages={2031--2038},
  year={2013},
  publisher={Springer}
}

@article{xu2013survey,
  title={A survey on multi-view learning},
  author={Xu, Chang and Tao, Dacheng and Xu, Chao},
  journal={arXiv preprint arXiv:1304.5634},
  year={2013}
}

@article{hoskuldsson1988pls,
  title={PLS regression methods},
  author={H{\"o}skuldsson, Agnar},
  journal={Journal of chemometrics},
  volume={2},
  number={3},
  pages={211--228},
  year={1988},
  publisher={Wiley Online Library}
}

@article{wegelin2000survey,
  title={A survey of Partial Least Squares (PLS) methods, with emphasis on the two-block case},
  author={Wegelin, Jacob A},
  year={2000},
  publisher={Citeseer}
}

@inproceedings{mackey2009deflation,
  title={Deflation methods for sparse PCA},
  author={Mackey, Lester W},
  booktitle={Advances in neural information processing systems},
  pages={1017--1024},
  year={2009}
}

@article{chen2013sparse,
  title={Sparse CCA via precision adjusted iterative thresholding},
  author={Chen, Mengjie and Gao, Chao and Ren, Zhao and Zhou, Harrison H},
  journal={arXiv preprint arXiv:1311.6186},
  year={2013}
}

@inproceedings{sun2008least,
  title={A least squares formulation for canonical correlation analysis},
  author={Sun, Liang and Ji, Shuiwang and Ye, Jieping},
  booktitle={Proceedings of the 25th international conference on Machine learning},
  pages={1024--1031},
  year={2008}
}

@article{suo2017sparse,
  title={Sparse canonical correlation analysis},
  author={Suo, Xiaotong and Minden, Victor and Nelson, Bradley and Tibshirani, Robert and Saunders, Michael},
  journal={arXiv preprint arXiv:1705.10865},
  year={2017}
}

@inproceedings{wagstaff2001constrained,
  title={Constrained k-means clustering with background knowledge},
  author={Wagstaff, Kiri and Cardie, Claire and Rogers, Seth and Schr{\"o}dl, Stefan and others},
  booktitle={Icml},
  volume={1},
  pages={577--584},
  year={2001}
}

@inproceedings{qi2016deep,
  title={Deep multi-view representation learning for multi-modal features of the schizophrenia and schizo-affective disorder},
  author={Qi, Jun and Tejedor, Javier},
  booktitle={2016 IEEE International Conference on Acoustics, Speech and Signal Processing (ICASSP)},
  pages={952--956},
  year={2016},
  organization={IEEE}
}

@article{yoon2018gain,
  title={Gain: Missing data imputation using generative adversarial nets},
  author={Yoon, Jinsung and Jordon, James and Van Der Schaar, Mihaela},
  journal={arXiv preprint arXiv:1806.02920},
  year={2018}
}

@article{bach2005probabilistic,
  title={A probabilistic interpretation of canonical correlation analysis},
  author={Bach, Francis R and Jordan, Michael I},
  year={2005},
  publisher={Citeseer}
}

@article{Hoshen2018UnsupervisedCA,
  title={Unsupervised Correlation Analysis},
  author={Yedid Hoshen and Lior Wolf},
  journal={2018 IEEE/CVF Conference on Computer Vision and Pattern Recognition},
  year={2018},
  pages={3319-3328}
}

@article{beaton2020generalization,
  title={A generalization of partial least squares regression and correspondence analysis for categorical and mixed data: An application with the ADNI data},
  author={Beaton, Derek and Saporta, Gilbert},
  year={2020}
}

@phdthesis{de2017exploring,
  title={Exploring the latent space between brain and behaviour using eigen-decomposition methods},
  author={De Matos Monteiro, Jo{\~a}o Andr{\'e}},
  year={2017},
  school={UCL (University College London)}
}

@article{efron2004least,
  title={Least angle regression},
  author={Efron, Bradley and Hastie, Trevor and Johnstone, Iain and Tibshirani, Robert and others},
  journal={The Annals of statistics},
  volume={32},
  number={2},
  pages={407--499},
  year={2004},
  publisher={Institute of Mathematical Statistics}
}

@inproceedings{kramer2007kernelizing,
  title={Kernelizing PLS, degrees of freedom, and efficient model selection},
  author={Kr{\"a}mer, Nicole and Braun, Mikio L},
  booktitle={Proceedings of the 24th international conference on Machine learning},
  pages={441--448},
  year={2007}
}

@article{mihalik2020multiple,
  title={Multiple holdouts with stability: Improving the generalizability of machine learning analyses of brain--behavior relationships},
  author={Mihalik, Agoston and Ferreira, Fabio S and Moutoussis, Michael and Ziegler, Gabriel and Adams, Rick A and Rosa, Maria J and Prabhu, Gita and de Oliveira, Leticia and Pereira, Mirtes and Bullmore, Edward T and others},
  journal={Biological psychiatry},
  volume={87},
  number={4},
  pages={368--376},
  year={2020},
  publisher={Elsevier}
}

@article{helmer2020stability,
  title={On stability of Canonical Correlation Analysis and Partial Least Squares with application to brain-behavior associations},
  author={Helmer, Markus and Warrington, Shaun D and Mohammadi-Nejad, Ali-Reza and Ji, Jie Lisa and Howell, Amber and Rosand, Benjamin and Anticevic, Alan and Sotiropoulos, Stamatios N and Murray, John D},
  journal={bioRxiv},
  year={2020},
  publisher={Cold Spring Harbor Laboratory}
}

@article{lederer2019control,
  title={Control of confounding and reporting of results in causal inference studies. Guidance for authors from editors of respiratory, sleep, and critical care journals},
  author={Lederer, David J and Bell, Scott C and Branson, Richard D and Chalmers, James D and Marshall, Rachel and Maslove, David M and Ost, David E and Punjabi, Naresh M and Schatz, Michael and Smyth, Alan R and others},
  journal={Annals of the American Thoracic Society},
  volume={16},
  number={1},
  pages={22--28},
  year={2019},
  publisher={American Thoracic Society}
}

@article{li2020braingnn,
  title={BrainGNN: Interpretable Brain Graph Neural Network for fMRI Analysis},
  author={Li, Xiaoxiao and Duncan, James},
  journal={bioRxiv},
  year={2020},
  publisher={Cold Spring Harbor Laboratory}
}

@article{schulz2020different,
  title={Different scaling of linear models and deep learning in UKBiobank brain images versus machine-learning datasets},
  author={Schulz, Marc-Andre and Yeo, BT Thomas and Vogelstein, Joshua T and Mourao-Miranada, Janaina and Kather, Jakob N and Kording, Konrad and Richards, Blake and Bzdok, Danilo},
  journal={Nature Communications},
  volume={11},
  number={1},
  pages={1--15},
  year={2020},
  publisher={Nature Publishing Group}
}

@article{abrol2020hype,
  title={Hype versus hope: Deep learning encodes more predictive and robust brain imaging representations than standard machine learning},
  author={Abrol, Anees and Fu, Zening and Salman, Mustafa and Silva, Rogers and Du, Yuhui and Plis, Sergey and Calhoun, Vince},
  journal={bioRxiv},
  year={2020},
  publisher={Cold Spring Harbor Laboratory}
}

@article{yoshida2017sparse,
  title={Sparse kernel canonical correlation analysis for discovery of nonlinear interactions in high-dimensional data},
  author={Yoshida, Kosuke and Yoshimoto, Junichiro and Doya, Kenji},
  journal={BMC bioinformatics},
  volume={18},
  number={1},
  pages={1--11},
  year={2017},
  publisher={BioMed Central}
}

@article{li2020application,
  title={Application of deep canonically correlated sparse autoencoder for the classification of schizophrenia},
  author={Li, Gang and Han, Depeng and Wang, Chao and Hu, Wenxing and Calhoun, Vince D and Wang, Yu-Ping},
  journal={Computer methods and programs in biomedicine},
  volume={183},
  pages={105073},
  year={2020},
  publisher={Elsevier}
}

@inproceedings{wang2015deep,
  title={On deep multi-view representation learning},
  author={Wang, Weiran and Arora, Raman and Livescu, Karen and Bilmes, Jeff},
  booktitle={International conference on machine learning},
  pages={1083--1092},
  year={2015}
}

@article{zhuang2020technical,
  title={A technical review of canonical correlation analysis for neuroscience applications},
  author={Zhuang, Xiaowei and Yang, Zhengshi and Cordes, Dietmar},
  journal={Human Brain Mapping},
  volume={41},
  number={13},
  pages={3807--3833},
  year={2020},
  publisher={Wiley Online Library}
}

@article{dinga2019evaluating,
  title={Evaluating the evidence for biotypes of depression: Methodological replication and extension of},
  author={Dinga, Richard and Schmaal, Lianne and Penninx, Brenda WJH and van Tol, Marie Jose and Veltman, Dick J and van Velzen, Laura and Mennes, Maarten and van der Wee, Nic JA and Marquand, Andre F},
  journal={NeuroImage: Clinical},
  volume={22},
  pages={101796},
  year={2019},
  publisher={Elsevier}
}

@article{drysdale2017resting,
  title={Resting-state connectivity biomarkers define neurophysiological subtypes of depression},
  author={Drysdale, Andrew T and Grosenick, Logan and Downar, Jonathan and Dunlop, Katharine and Mansouri, Farrokh and Meng, Yue and Fetcho, Robert N and Zebley, Benjamin and Oathes, Desmond J and Etkin, Amit and others},
  journal={Nature medicine},
  volume={23},
  number={1},
  pages={28--38},
  year={2017},
  publisher={Nature Publishing Group}
}

@article{hotelling1933analysis,
  title={Analysis of a complex of statistical variables into principal components.},
  author={Hotelling, Harold},
  journal={Journal of educational psychology},
  volume={24},
  number={6},
  pages={417},
  year={1933},
  publisher={Warwick \& York}
}

@article{mehmood2011partial,
  title={A Partial Least Squares based algorithm for parsimonious variable selection},
  author={Mehmood, Tahir and Martens, Harald and S{\ae}b{\o}, Solve and Warringer, Jonas and Snipen, Lars},
  journal={Algorithms for Molecular Biology},
  volume={6},
  number={1},
  pages={27},
  year={2011},
  publisher={Springer}
}

@article{couture2019deep,
  title={Deep Multi-View Learning via Task-Optimal CCA},
  author={Couture, Heather D and Kwitt, Roland and Marron, JS and Troester, Melissa and Perou, Charles M and Niethammer, Marc},
  journal={arXiv preprint arXiv:1907.07739},
  year={2019}
}

@article{rodosthenous2020integrating,
  title={Integrating multi-OMICS data through sparse Canonical Correlation Analysis for the prediction of complex traits: A comparison study},
  author={Rodosthenous, Theodoulos and Shahrezaei, Vahid and Evangelou, Marina},
  journal={Bioinformatics},
  year={2020}
}
@article{bertolero2020deep,
  title={Deep Neural Networks Carve the Brain at its Joints},
  author={Bertolero, Maxwell A and Bassett, Danielle S},
  journal={arXiv preprint arXiv:2002.08891},
  year={2020}
}

@article{dong2019learning,
  title={Learning graphs from data: A signal representation perspective},
  author={Dong, Xiaowen and Thanou, Dorina and Rabbat, Michael and Frossard, Pascal},
  journal={IEEE Signal Processing Magazine},
  volume={36},
  number={3},
  pages={44--63},
  year={2019},
  publisher={IEEE}
}

@inproceedings{krizhevsky2012imagenet,
  title={Imagenet classification with deep convolutional neural networks},
  author={Krizhevsky, Alex and Sutskever, Ilya and Hinton, Geoffrey E},
  booktitle={Advances in neural information processing systems},
  pages={1097--1105},
  year={2012}
}

@article{yamashita2018convolutional,
  title={Convolutional neural networks: an overview and application in radiology},
  author={Yamashita, Rikiya and Nishio, Mizuho and Do, Richard Kinh Gian and Togashi, Kaori},
  journal={Insights into imaging},
  volume={9},
  number={4},
  pages={611--629},
  year={2018},
  publisher={Springer}
}

@inproceedings{chang2018scalable,
  title={Scalable and effective deep cca via soft decorrelation},
  author={Chang, Xiaobin and Xiang, Tao and Hospedales, Timothy M},
  booktitle={Proceedings of the IEEE Conference on Computer Vision and Pattern Recognition},
  pages={1488--1497},
  year={2018}
}

@article{li2020braingnn,
  title={BrainGNN: Interpretable Brain Graph Neural Network for fMRI Analysis},
  author={Li, Xiaoxiao and Duncan, James},
  journal={bioRxiv},
  year={2020},
  publisher={Cold Spring Harbor Laboratory}
}

@article{varoquaux2017assessing,
  title={Assessing and tuning brain decoders: cross-validation, caveats, and guidelines},
  author={Varoquaux, Ga{\"e}l and Raamana, Pradeep Reddy and Engemann, Denis A and Hoyos-Idrobo, Andr{\'e}s and Schwartz, Yannick and Thirion, Bertrand},
  journal={NeuroImage},
  volume={145},
  pages={166--179},
  year={2017},
  publisher={Elsevier}
}

@article{mihalik2020multiple,
  title={Multiple holdouts with stability: Improving the generalizability of machine learning analyses of brain--behavior relationships},
  author={Mihalik, Agoston and Ferreira, Fabio S and Moutoussis, Michael and Ziegler, Gabriel and Adams, Rick A and Rosa, Maria J and Prabhu, Gita and de Oliveira, Leticia and Pereira, Mirtes and Bullmore, Edward T and others},
  journal={Biological psychiatry},
  volume={87},
  number={4},
  pages={368--376},
  year={2020},
  publisher={Elsevier}
}

@article{greicius2004default,
  title={Default-mode network activity distinguishes Alzheimer's disease from healthy aging: evidence from functional MRI},
  author={Greicius, Michael D and Srivastava, Gaurav and Reiss, Allan L and Menon, Vinod},
  journal={Proceedings of the National Academy of Sciences},
  volume={101},
  number={13},
  pages={4637--4642},
  year={2004},
  publisher={National Acad Sciences}
}

@article{parisot2018disease,
  title={Disease prediction using graph convolutional networks: Application to Autism Spectrum Disorder and Alzheimerâ€™s disease},
  author={Parisot, Sarah and Ktena, Sofia Ira and Ferrante, Enzo and Lee, Matthew and Guerrero, Ricardo and Glocker, Ben and Rueckert, Daniel},
  journal={Medical image analysis},
  volume={48},
  pages={117--130},
  year={2018},
  publisher={Elsevier}
}

@incollection{NEURIPS2019_9015,
title = {PyTorch: An Imperative Style, High-Performance Deep Learning Library},
author = {Paszke, Adam and Gross, Sam and Massa, Francisco and Lerer, Adam and Bradbury, James and Chanan, Gregory and Killeen, Trevor and Lin, Zeming and Gimelshein, Natalia and Antiga, Luca and Desmaison, Alban and Kopf, Andreas and Yang, Edward and DeVito, Zachary and Raison, Martin and Tejani, Alykhan and Chilamkurthy, Sasank and Steiner, Benoit and Fang, Lu and Bai, Junjie and Chintala, Soumith},
booktitle = {Advances in Neural Information Processing Systems 32},
editor = {H. Wallach and H. Larochelle and A. Beygelzimer and F. d\textquotesingle Alch\'{e}-Buc and E. Fox and R. Garnett},
pages = {8024--8035},
year = {2019},
publisher = {Curran Associates, Inc.},
url = {http://papers.neurips.cc/paper/9015-pytorch-an-imperative-style-high-performance-deep-learning-library.pdf}
}

@article{wang2016deep,
  title={Deep variational canonical correlation analysis},
  author={Wang, Weiran and Yan, Xinchen and Lee, Honglak and Livescu, Karen},
  journal={arXiv preprint arXiv:1610.03454},
  year={2016}
}

@article{kingma2013auto,
  title={Auto-encoding variational bayes},
  author={Kingma, Diederik P and Welling, Max},
  journal={arXiv preprint arXiv:1312.6114},
  year={2013}
}

@incollection{hotelling1992relations,
  title={Relations between two sets of variates},
  author={Hotelling, Harold},
  booktitle={Breakthroughs in statistics},
  pages={162--190},
  year={1992},
  publisher={Springer},
  doi={10.2307/2333955}
}

@article{vinod1976canonical,
  title={Canonical ridge and econometrics of joint production},
  author={Vinod, Hrishikesh D},
  journal={Journal of econometrics},
  volume={4},
  number={2},
  pages={147--166},
  year={1976},
  publisher={Elsevier},
  doi={10.1016/0304-4076(76)90010-5}
}

@article{bach2005probabilistic,
  title={A probabilistic interpretation of canonical correlation analysis},
  author={Bach, Francis R and Jordan, Michael I},
  year={2005},
  url={https://statistics.berkeley.edu/sites/default/files/tech-reports/688.pdf},
  publisher={Technical Report 688, Department of Statistics, University of California Berkeley}
}

@article{hardoon2004canonical,
  title={Canonical correlation analysis: An overview with application to learning methods},
  author={Hardoon, David R and Szedmak, Sandor and Shawe-Taylor, John},
  journal={Neural computation},
  volume={16},
  number={12},
  pages={2639--2664},
  year={2004},
  publisher={MIT Press},
  doi={10.1162/0899766042321814}
}

@article{tenenhaus2011regularized,
  title={Regularized generalized canonical correlation analysis},
  author={Tenenhaus, Arthur and Tenenhaus, Michel},
  journal={Psychometrika},
  volume={76},
  number={2},
  pages={257},
  year={2011},
  publisher={Springer},
  doi={10.1007/s11336-011-9206-8}
}

@article{witten2009penalized,
  title={A penalized matrix decomposition, with applications to sparse principal components and canonical correlation analysis},
  author={Witten, Daniela M and Tibshirani, Robert and Hastie, Trevor},
  journal={Biostatistics},
  volume={10},
  number={3},
  pages={515--534},
  year={2009},
  publisher={Oxford University Press},
  doi={10.1093/biostatistics/kxp008}
}

@article{waaijenborg2008quantifying,
  title={Quantifying the association between gene expressions and DNA-markers by penalized canonical correlation analysis},
  author={Waaijenborg, Sandra and de Witt Hamer, Philip C Verselewel and Zwinderman, Aeilko H},
  journal={Statistical applications in genetics and molecular biology},
  volume={7},
  number={1},
  year={2008},
  publisher={De Gruyter},
  doi={10.2202/1544-6115.1329}
}

@article{parkhomenko2009sparse,
  title={Sparse canonical correlation analysis with application to genomic data integration},
  author={Parkhomenko, Elena and Tritchler, David and Beyene, Joseph},
  journal={Statistical applications in genetics and molecular biology},
  volume={8},
  number={1},
  year={2009},
  publisher={De Gruyter},
  doi={10.2202/1544-6115.1406}
}

@article{mai2019iterative,
  title={An iterative penalized least squares approach to sparse canonical correlation analysis},
  author={Mai, Qing and Zhang, Xin},
  journal={Biometrics},
  volume={75},
  number={3},
  pages={734--744},
  year={2019},
  publisher={Wiley Online Library},
  doi={10.1111/biom.13043}
}

@inproceedings{asteris2016simple,
  title={A simple and provable algorithm for sparse diagonal CCA},
  author={Asteris, Megasthenis and Kyrillidis, Anastasios and Koyejo, Oluwasanmi and Poldrack, Russell},
  booktitle={International Conference on Machine Learning},
  pages={1148--1157},
  year={2016},
  organization={PMLR}
}

@article{wenwen2018sparse,
  title={Sparse Weighted Canonical Correlation Analysis},
  author={Wenwen, MIN and Juan, LIU and Zhang, Shihua},
  journal={Chinese Journal of Electronics},
  volume={27},
  number={3},
  pages={459--466},
  year={2018},
  publisher={IET},
  doi={10.1049/cje.2017.08.004}
}

@inproceedings{andrew2013deep,
  title={Deep canonical correlation analysis},
  author={Andrew, Galen and Arora, Raman and Bilmes, Jeff and Livescu, Karen},
  booktitle={International conference on machine learning},
  pages={1247--1255},
  year={2013},
  organization={PMLR}
}

@article{paszke2019pytorch,
  title={Pytorch: An imperative style, high-performance deep learning library},
  author={Paszke, Adam and Gross, Sam and Massa, Francisco and Lerer, Adam and Bradbury, James and Chanan, Gregory and Killeen, Trevor and Lin, Zeming and Gimelshein, Natalia and Antiga, Luca and others},
  journal={Advances in neural information processing systems},
  volume={32},
  pages={8026--8037},
  year={2019}
}

@article{pedregosa2011scikit,
  title={Scikit-learn: Machine learning in Python},
  author={Pedregosa, Fabian and Varoquaux, Ga{\"e}l and Gramfort, Alexandre and Michel, Vincent and Thirion, Bertrand and Grisel, Olivier and Blondel, Mathieu and Prettenhofer, Peter and Weiss, Ron and Dubourg, Vincent and others},
  journal={the Journal of machine Learning research},
  volume={12},
  pages={2825--2830},
  year={2011},
  publisher={JMLR. org}
}

@article{bilenko2016pyrcca,
  title={Pyrcca: regularized kernel canonical correlation analysis in python and its applications to neuroimaging},
  author={Bilenko, Natalia Y and Gallant, Jack L},
  journal={Frontiers in neuroinformatics},
  volume={10},
  pages={49},
  year={2016},
  publisher={Frontiers},
  doi={10.3389/fninf.2016.00049}
}

@article{perry2020mvlearn,
  title={mvlearn: Multiview machine learning in python},
  author={Perry, Ronan and Mischler, Gavin and Guo, Richard and Lee, Theodore and Chang, Alexander and Koul, Arman and Franz, Cameron and Richard, Hugo and Carmichael, Iain and Ablin, Pierre and others},
  journal={arXiv preprint arXiv:2005.11890},
  year={2020}
}

@incollection{golub1995canonical,
  title={The canonical correlations of matrix pairs and their numerical computation},
  author={Golub, Gene H and Zha, Hongyuan},
  booktitle={Linear algebra for signal processing},
  pages={27--49},
  year={1995},
  publisher={Springer},
  doi={10.1007/978-1-4612-4228-4_3}
}

@inproceedings{wang2015stochastic,
  title={Stochastic optimization for deep CCA via nonlinear orthogonal iterations},
  author={Wang, Weiran and Arora, Raman and Livescu, Karen and Srebro, Nathan},
  booktitle={2015 53rd Annual Allerton Conference on Communication, Control, and Computing (Allerton)},
  pages={688--695},
  year={2015},
  organization={IEEE},
  doi={10.1109/allerton.2015.7447071}
}

@inproceedings{kim2007tensor,
  title={Tensor canonical correlation analysis for action classification},
  author={Kim, Tae-Kyun and Wong, Shu-Fai and Cipolla, Roberto},
  booktitle={2007 IEEE Conference on Computer Vision and Pattern Recognition},
  pages={1--8},
  year={2007},
  organization={IEEE},
  doi={10.1109/cvpr.2007.383137}
}

@inproceedings{ngiam2011multimodal,
  title={Multimodal deep learning},
  author={Ngiam, Jiquan and Khosla, Aditya and Kim, Mingyu and Nam, Juhan and Lee, Honglak and Ng, Andrew Y},
  booktitle={ICML},
  year={2011}
}

@article{suo2017sparse,
  title={Sparse canonical correlation analysis},
  author={Suo, Xiaotong and Minden, Victor and Nelson, Bradley and Tibshirani, Robert and Saunders, Michael},
  journal={arXiv preprint arXiv:1705.10865},
  year={2017}
}

@inproceedings{asteris2016simple,
  title={A simple and provable algorithm for sparse diagonal CCA},
  author={Asteris, Megasthenis and Kyrillidis, Anastasios and Koyejo, Oluwasanmi and Poldrack, Russell},
  booktitle={International Conference on Machine Learning},
  pages={1148--1157},
  year={2016},
  organization={PMLR}
}

@inproceedings{wang2015deep,
  title={On deep multi-view representation learning},
  author={Wang, Weiran and Arora, Raman and Livescu, Karen and Bilmes, Jeff},
  booktitle={International conference on machine learning},
  pages={1083--1092},
  year={2015},
  organization={PMLR}
}

@article{wang2016deep,
  title={Deep variational canonical correlation analysis},
  author={Wang, Weiran and Yan, Xinchen and Lee, Honglak and Livescu, Karen},
  journal={arXiv preprint arXiv:1610.03454},
  year={2016}
}

@article{wang2007variational,
  title={Variational Bayesian approach to canonical correlation analysis},
  author={Wang, Chong},
  journal={IEEE Transactions on Neural Networks},
  volume={18},
  number={3},
  pages={905--910},
  year={2007},
  publisher={IEEE},
  doi={10.1109/tnn.2007.891186}
}

@article{wong2021deep,
  title={Deep Tensor CCA for Multi-view Learning},
  author={Wong, Hok Shing and Wang, Li and Chan, Raymond and Zeng, Tieyong},
  journal={IEEE Transactions on Big Data},
  year={2021},
  publisher={IEEE}
}

@InProceedings{Arora12,
  author={Arora, Raman and Cotter, Andrew and Livescu, Karen and Srebro, Nathan},
  booktitle={2012 50th Annual Allerton Conference on Communication, Control, and Computing (Allerton)}, 
  title={Stochastic optimization for PCA and PLS}, 
  year={2012},
  volume={},
  number={},
  pages={861-868},
  doi={10.1109/Allerton.2012.6483308}
  }


@misc{arora2018,
      title={Stochastic Approximation for Canonical Correlation Analysis}, 
      author={Raman Arora and Teodor V. Marinov and Poorya Mianjy and Nathan Srebro},
      year={2018},
      eprint={1702.06818},
      archivePrefix={arXiv},
      primaryClass={cs.LG}
}
@article{gemp20,
  author    = {Ian M. Gemp and
               Brian McWilliams and
               Claire Vernade and
               Thore Graepel},
  title     = {EigenGame: {PCA} as a Nash Equilibrium},
  journal   = {CoRR},
  volume    = {abs/2010.00554},
  year      = {2020},
  url       = {https://arxiv.org/abs/2010.00554},
  eprinttype = {arXiv},
  eprint    = {2010.00554},
  timestamp = {Mon, 12 Oct 2020 17:53:10 +0200},
  biburl    = {https://dblp.org/rec/journals/corr/abs-2010-00554.bib},
  bibsource = {dblp computer science bibliography, https://dblp.org}
}

@misc{gemp2021,
      title={EigenGame Unloaded: When playing games is better than optimizing}, 
      author={Ian Gemp and Brian McWilliams and Claire Vernade and Thore Graepel},
      year={2021},
      eprint={2102.04152},
      archivePrefix={arXiv},
      primaryClass={stat.ML}
}

@incollection{Wold1973,
title = {Nonlinear Iterative Partial Least Squares (NIPALS) Modelling: Some Current Developments},
editor = {PARUCHURI R. KRISHNAIAH},
booktitle = {Multivariate Analysisâ€“III},
publisher = {Academic Press},
pages = {383-407},
year = {1973},
isbn = {978-0-12-426653-7},
doi = {https://doi.org/10.1016/B978-0-12-426653-7.50032-6},
url = {https://www.sciencedirect.com/science/article/pii/B9780124266537500326},
author = {Herman Wold},
abstract = {Publisher Summary
This chapter focuses on the potential use of the NIPALS approach in the recent many-faceted development of path models in the social sciences. Three general types of models are considered, denoted L, L*, and L**, and are distinguished by which categories of the explanatory variables are directly or indirectly observed. The models have a background in two central lines of evolution in econometrics and the behavioral sciences. In another perspective of multivariate analysis, the models belong under two broad lines of evolutionâ€”from high degrees of information in the modelling to lower degrees of information. In the social sciences in the past, there has been a forceful development of causal model building by the use of path models. A new and most significant feature is that econometric methods have been incorporated in the modelling, a merger that brings together widely different lines of evolution and thereby opens up new vistas and broadens the scope of the approach. The chapter explores these developments from the point of view of NIPALS modelling. The chapter reviews causal flow models in econometrics and the behavioral sciences.}
}

@article{Worsley2005,
author = {Worsley, Keith and Chen, Jen-I and Lerch, Jason and Evans, Alan},
year = {2005},
month = {06},
pages = {913-20},
title = {Comparing connectivity via thresholding correlations and SVD},
volume = {360},
journal = {Philosophical transactions of the Royal Society of London. Series B, Biological sciences},
doi = {10.1098/rstb.2005.1637}
}

@inproceedings{chen2019constrained,
  title={On constrained nonconvex stochastic optimization: A case study for generalized eigenvalue decomposition},
  author={Chen, Zhehui and Li, Xingguo and Yang, Lin and Haupt, Jarvis and Zhao, Tuo},
  booktitle={The 22nd International Conference on Artificial Intelligence and Statistics},
  pages={916--925},
  year={2019},
  organization={PMLR}
}

@article{zbontar2021barlow,
  title={Barlow twins: Self-supervised learning via redundancy reduction},
  author={Zbontar, Jure and Jing, Li and Misra, Ishan and LeCun, Yann and Deny, St{\'e}phane},
  journal={arXiv preprint arXiv:2103.03230},
  year={2021}
}

@article{lecun1998mnist,
  title={The MNIST database of handwritten digits},
  author={LeCun, Yann},
  journal={http://yann. lecun. com/exdb/mnist/},
  year={1998}
}

@article{westbury1990x,
  title={X-ray microbeam speech production database},
  author={Westbury, John and Milenkovic, Paul and Weismer, Gary and Kent, Raymond},
  journal={The Journal of the Acoustical Society of America},
  volume={88},
  number={S1},
  pages={S56--S56},
  year={1990},
  publisher={Acoustical Society of America}
}

@article{Hansen2021,
author = {Hansen, Justine and Markello, Ross and Vogel, Jacob and Seidlitz, Jakob and Bzdok, Danilo and Misic, Bratislav},
year = {2021},
month = {09},
pages = {1-11},
title = {Mapping gene transcription and neurocognition across human neocortex},
volume = {5},
journal = {Nature Human Behaviour},
doi = {10.1038/s41562-021-01082-z}
}

@article{Krishnan2011,
author = {Krishnan, Anjali and Williams, Lynne and McIntosh, Anthony and Abdi, HervÃ©},
year = {2011},
month = {05},
pages = {455-75},
title = {Partial Least Squares (PLS) Methods for Neuroimaging: A Tutorial and Review},
volume = {56},
journal = {NeuroImage},
doi = {10.1016/j.neuroimage.2010.07.034}
}

@article{cassel2000measurement,
  title={On measurement of intangible assets: a study of robustness of partial least squares},
  author={Cassel, Claes M and Hackl, Peter and Westlund, Anders H},
  journal={Total Quality Management},
  volume={11},
  number={7},
  pages={897--907},
  year={2000},
  publisher={Taylor \& Francis}
}

@software{deepmind2020jax,
  title = {The {D}eep{M}ind {JAX} {E}cosystem},
  author = {Babuschkin, Igor and Baumli, Kate and Bell, Alison and Bhupatiraju, Surya and Bruce, Jake and Buchlovsky, Peter and Budden, David and Cai, Trevor and Clark, Aidan and Danihelka, Ivo and Fantacci, Claudio and Godwin, Jonathan and Jones, Chris and Hennigan, Tom and Hessel, Matteo and Kapturowski, Steven and Keck, Thomas and Kemaev, Iurii and King, Michael and Martens, Lena and Mikulik, Vladimir and Norman, Tamara and Quan, John and Papamakarios, George and Ring, Roman and Ruiz, Francisco and Sanchez, Alvaro and Schneider, Rosalia and Sezener, Eren and Spencer, Stephen and Srinivasan, Srivatsan and Stokowiec, Wojciech and Viola, Fabio},
  url = {http://github.com/deepmind},
  year = {2020},
}

@software{optax2020github,
  author = {Matteo Hessel and David Budden and Fabio Viola and Mihaela Rosca
            and Eren Sezener and Tom Hennigan},
  title = {Optax: composable gradient transformation and optimisation, in JAX!},
  url = {http://github.com/deepmind/optax},
  version = {0.0.1},
  year = {2020},
}

@article{witten2009extensions,
  title={Extensions of sparse canonical correlation analysis with applications to genomic data},
  author={Witten, Daniela M and Tibshirani, Robert J},
  journal={Statistical applications in genetics and molecular biology},
  volume={8},
  number={1},
  year={2009},
  publisher={De Gruyter}
}

@book{anderson1999lapack,
  title={LAPACK Users' guide},
  author={Anderson, Edward and Bai, Zhaojun and Bischof, Christian and Blackford, L Susan and Demmel, James and Dongarra, Jack and Du Croz, Jeremy and Greenbaum, Anne and Hammarling, Sven and McKenney, Alan and others},
  year={1999},
  publisher={SIAM}
}

@article{harris2020array,
  title={Array programming with NumPy},
  author={Harris, Charles R and Millman, K Jarrod and van der Walt, St{\'e}fan J and Gommers, Ralf and Virtanen, Pauli and Cournapeau, David and Wieser, Eric and Taylor, Julian and Berg, Sebastian and Smith, Nathaniel J and others},
  journal={Nature},
  volume={585},
  number={7825},
  pages={357--362},
  year={2020},
  publisher={Nature Publishing Group}
}

@book{wold1968nonlinear,
  title={Nonlinear Estimation by Iterative Least Square Procedures},
  author={Wold, H.O.A.},
  url={https://books.google.co.uk/books?id=hGZ3uAAACAAJ},
  year={1968}
}

@inproceedings{chang2018scalable,
  title={Scalable and effective deep CCA via soft decorrelation},
  author={Chang, Xiaobin and Xiang, Tao and Hospedales, Timothy M},
  booktitle={Proceedings of the IEEE Conference on Computer Vision and Pattern Recognition},
  pages={1488--1497},
  year={2018}
}

@article{sanger1989optimal,
  title={Optimal unsupervised learning in a single-layer linear feedforward neural network},
  author={Sanger, Terence D},
  journal={Neural networks},
  volume={2},
  number={6},
  pages={459--473},
  year={1989},
  publisher={Elsevier}
}

@article{lyu2021latent,
  title={Latent Correlation-Based Multiview Learning and Self-Supervision: A Unifying Perspective},
  author={Lyu, Qi and Fu, Xiao and Wang, Weiran and Lu, Songtao},
  journal={arXiv preprint arXiv:2106.07115},
  year={2021}
}

@article{hardoon2011sparse,
  title={Sparse canonical correlation analysis},
  author={Hardoon, David R and Shawe-Taylor, John},
  journal={Machine Learning},
  volume={83},
  number={3},
  pages={331--353},
  year={2011},
  publisher={Springer}
}

@article{parkhomenko2009sparse,
  title={Sparse canonical correlation analysis with application to genomic data integration},
  author={Parkhomenko, Elena and Tritchler, David and Beyene, Joseph},
  journal={Statistical applications in genetics and molecular biology},
  volume={8},
  number={1},
  year={2009},
  publisher={De Gruyter}
}

@article{tang2019exponentially,
  title={Exponentially convergent stochastic k-PCA without variance reduction},
  author={Tang, Cheng},
  journal={arXiv preprint arXiv:1904.01750},
  year={2019}
}

@inproceedings{andrew2013deep,
  title={Deep canonical correlation analysis},
  author={Andrew, Galen and Arora, Raman and Bilmes, Jeff and Livescu, Karen},
  booktitle={International conference on machine learning},
  pages={1247--1255},
  year={2013},
  organization={PMLR}
}

@article{Chapman2021,
  doi = {10.21105/joss.03823},
  url = {https://doi.org/10.21105/joss.03823},
  year = {2021},
  publisher = {The Open Journal},
  volume = {6},
  number = {68},
  pages = {3823},
  author = {James Chapman and Hao-Ting Wang},
  title = {CCA-Zoo: A collection of Regularized, Deep Learning based, Kernel, and Probabilistic CCA methods in a scikit-learn style framework},
  journal = {Journal of Open Source Software}
}

